1923 3358
323 265 365 301 24
596 264 965 299 CHRONOGRAPHIA
992 262 1144 294 REGUM
1170 261 1448 293 FRANCORUM.
1621 257 1726 306 [1329

385 342 658 405 Priusquam
689 354 802 384 vero
834 337 918 383 hec
949 334 1236 391 acciderent,
1273 334 1463 397 quidam
1495 335 1727 383 maximus

322 420 434 467 baro
460 418 626 473 Scotie,
653 415 732 479 qui
759 413 1000 461 dicebatur
1026 428 1184 459 comes
1212 411 1270 459 de
1295 414 1506 459 Momene
1535 411 1728 460 defunc-

319 501 395 543 tus
427 494 542 550 est1,
572 508 657 539 nec
686 489 995 554 expectabant
1027 488 1151 536 Scoti
1183 488 1385 551 aliquam
1417 504 1638 552 guerram
1668 489 1727 536 ab

318 570 542 635 Anglicis,
576 572 774 631 propter
807 565 1231 614 confederationem
1267 565 1388 612 inter
1422 581 1504 612 eos
1537 565 1724 621 factam,

317 653 362 694 et
387 647 627 709 elegerunt
652 644 776 692 Scoti
802 642 1035 692 communi
1064 659 1256 690 assensu
1286 641 1528 689 dominum
1553 642 1724 691 Johan-

318 739 424 770 nem
449 722 648 786 Duglas2
674 721 732 769 ad
759 720 1040 785 portandum
1072 720 1192 767 ultra
1218 720 1376 766 mare3
1403 735 1485 766 cor
1510 718 1721 775 Roberti‚

317 799 441 863 regis
473 798 671 854 Scotie4,
702 814 754 845 ac
785 813 1007 862 magnum
1037 796 1308 844 thesaurum
1338 795 1636 843 tradiderunt
1663 794 1723 842 ei.

317 876 400 933 Qui
432 874 659 938 disposito
695 879 921 938 apparatu
956 873 1136 937 appulit
1170 872 1228 920 ad
1267 878 1458 935 portum
1493 871 1651 919 Scluze
1683 877 1729 919 et

316 953 424 999 inde
448 952 560 999 abiit
584 968 749 998 versus
781 951 956 998 curiam
990 966 1250 1007 romanam,
1281 948 1360 996 ubi
1385 948 1562 996 dictum
1588 952 1660 995 est
1686 948 1729 995 ei

317 1029 443 1092 quod
480 1046 565 1077 rex
599 1028 846 1093 Hispanie5
881 1029 1073 1076 haberet
1110 1044 1331 1093 guerram
1367 1033 1528 1074 contra
1566 1042 1729 1091 regem

315 1107 504 1155 Maroci.

380 1186 524 1232 Causa
541 1189 695 1232 autem
712 1184 848 1248 hujus
863 1199 1032 1248 guerre
1054 1182 1138 1230 fuit
1159 1182 1379 1245 quoniam
1400 1198 1485 1229 rex
1505 1181 1727 1245 Hispanie

316 1260 395 1324 qui
429 1261 579 1308 adhuc
610 1261 795 1325 juvenis
830 1266 951 1317 erat,
992 1265 1234 1322 acceperat
1269 1258 1316 1304 in
1350 1275 1549 1306 uxorem
1580 1258 1725 1306 filiam

315 1337 451 1384 unius
469 1336 623 1400 magni
644 1336 833 1383 baronis
850 1335 907 1382 de
928 1335 1162 1398 Hispania,
1186 1334 1266 1397 qui
1284 1334 1540 1382 vocabatur
1557 1334 1726 1398 domp-

315 1429 401 1459 nus
413 1416 435 1460 J
440 1412 644 1459 ohannes
661 1412 897 1468 Manuelis,
913 1411 985 1458 cui
1001 1428 1094 1458 non
1112 1411 1262 1459 tenuit
1279 1411 1452 1458 bonam
1466 1411 1626 1467 fidem,
1643 1411 1726 1459 sed

314 1487 502 1534 tenebat
527 1486 779 1549 quamdam
805 1486 1097 1533 domicellam
1120 1485 1263 1532 filiam
1283 1485 1525 1549 cujusdam
1546 1485 1722 1540 militis,

314 1564 390 1627 qui
417 1563 673 1611 vocabatur
698 1563 932 1627 dompnus
957 1563 1188 1611 Johannes
1214 1563 1527 1626 Pregosmanss
1549 1569 1594 1610 et
1617 1579 1725 1610 cum

314 1641 399 1687 hac
436 1640 575 1687 etiam
617 1640 804 1687 tenebat
848 1656 988 1687 unam
1027 1639 1220 1688 Judeam
1254 1640 1390 1687 valde
1435 1640 1721 1704 speciosam;

313 1715 596 1777 omninoque
621 1715 871 1778 reliquerat
897 1715 1106 1779 reginam
1137 1731 1334 1762 uxorem
1364 1732 1513 1763 suam.
1543 1720 1637 1764 Hac
1662 1717 1720 1765 de

312 1807 448 1840 causa
477 1798 609 1855 pater
634 1791 843 1856 ejusdem
868 1792 1028 1856 regine
1053 1792 1099 1838 in
1125 1797 1307 1840 tantum
1330 1793 1630 1841 contristatus
1651 1798 1722 1842 est

362 1923 393 1957 1.
417 1922 449 1957 Il
471 1920 582 1967 s‘agit
603 1919 652 1956 du
675 1926 801 1958 comte
823 1921 869 1958 de
891 1920 1061 1968 Murray.

358 1980 392 2016 ⁶2.
415 1979 515 2016 C’est
535 1980 704 2026 Jacques
726 1979 898 2027 Douglas
919 1979 1009 2027 qu'il
1031 1979 1111 2015 faut
1133 1979 1214 2016 lire.

358 2038 393 2074 3.
416 2037 477 2073 En
497 2037 617 2073 Terre
639 2037 785 2074 Sainte.

360 2098 393 2132 4.
417 2096 563 2133 Robert
584 2098 701 2143 Brus,
722 2103 824 2134 mort
845 2097 879 2133 le
901 2097 920 2132 7
940 2097 1025 2144 juin
1048 2097 1151 2134 1329.
1169 2097 1226 2134 Cf.
1244 2097 1407 2145 Rymer,
1424 2097 1481 2134 ed.
1502 2098 1607 2144 1821,
1626 2102 1652 2134 t.
1670 2098 1723 2143 Π,

311 2155 350 2191 ‘20
370 2155 506 2201 partie,
528 2166 563 2201 p.
588 2155 680 2191 770:
706 2169 720 2189 α
739 2155 880 2192 Sciatis
901 2155 999 2203 quod
1023 2167 1111 2192 cum
1135 2156 1275 2192 nobilis
1298 2156 1370 2203 vir,
1390 2156 1575 2202 Jacohus,
1597 2156 1721 2194 domi-

315 2227 331 2247 «
353 2224 428 2248 nus
449 2213 493 2248 de
515 2213 686 2260 Douglas
708 2214 747 2249 in
771 2214 916 2261 Scotia,
934 2225 1069 2251 versus
1085 2215 1245 2250 Terram
1264 2215 1450 2251 Sanctam
1470 2215 1511 2251 in
1532 2215 1721 2252 auxilium

315 2285 331 2306 «
354 2271 666 2308 Christianorum
693 2279 829 2309 contra
857 2274 1089 2320 Saracenos,
1120 2285 1208 2310 cun]
1236 2274 1350 2311 corde
1376 2275 1522 2311 domini
1546 2275 1595 2312 R.
1619 2275 1721 2323 regis

316 2344 332 2364 «
356 2331 512 2377 Scotiae,
536 2342 658 2377 nuper·
677 2331 861 2377 defuncti,
879 2333 927 2369 sit
942 2333 1231 2380 profecturus...
1252 2347 1266 2367 n
1287 2335 1352 2379 (ier
1368 2334 1583 2381 septembre
1600 2334 1719 2378 1329.)

360 2390 394 2425 5.
419 2389 470 2424 Le
492 2389 548 2425 roi
570 2388 615 2424 de
636 2389 791 2426 Castillc
813 2390 976 2428 Alfonse
997 2392 1070 2427 XI.

361 2448 394 2483 6.
417 2448 491 2484 Les
512 2449 673 2485 Grandes
702 2450 926 2495 Clu-onsques
949 2455 986 2497 (t.
1011 2451 1061 2497 V,
1082 2462 1117 2498 p.
1143 2451 1221 2498 338)
1244 2458 1281 2488 et
1303 2452 1358 2489 les
1385 2454 1587 2489 Anciennes
1613 2454 1720 2489 chro-

319 2509 446 2552 niques
472 2508 512 2543 de
542 2509 699 2543 Flamlre
727 2510 850 2552 (Istore
879 2515 911 2546 et
939 2513 1130 2556 croniques
1156 2513 1197 2547 de
1227 2513 1419 2555 Flandres,
1450 2518 1477 2549 t.
1505 2511 1542 2558 I,
1570 2523 1606 2559 p.
1636 2512 1719 2554 353)

314 2565 507 2611 appellent
529 2575 570 2601 ce
593 2576 834 2613 personnagc
852 2581 866 2601 <t
884 2569 983 2605 Jcan
1008 2570 1137 2606 pierre
1160 2570 1336 2606 Gusman
1353 2585 1369 2604 »
1387 2582 1436 2608 ou
1459 2585 1474 2605 (ι
1492 2571 1678 2607 Gosman.
1699 2585 1713 2604 »

315 2624 367 2659 Le
397 2625 540 2671 copiste
570 2624 614 2660 de
646 2632 754 2660 notre
787 2628 999 2664 manuscrit
1027 2635 1084 2665 est
1106 2630 1232 2666 arrive'
1254 2630 1275 2666 ἐι
1296 2630 1331 2666 la
1359 2631 1479 2667 forme
1508 2630 1716 2678 singuliere

317 2697 331 2716 α
359 2684 608 2731 Prcgosman,
638 2698 653 2716 »
687 2695 734 2720 en
765 2684 929 2722 soudaut
961 2700 1008 2723 uu
1044 2700 1134 2724 nom
1164 2688 1210 2726 de
1242 2704 1257 2722 «
1282 2689 1457 2726 Gusman
1481 2703 1496 2722 υ
1526 2689 1563 2725 la
1594 2688 1715 2725 forme

316 2741 476 2788 abrogec
496 2742 545 2778 du
567 2743 726 2789 prenom
747 2745 929 2790 esp-agnol
953 2760 968 2778 «
994 2746 1102 2783 Pero.
1130 2761 1143 2780 ι
