1923 3358
354 262 421 298 316
624 261 993 294 CHRONOGRAPHIA
1021 260 1173 291 REGUM
1199 258 1478 290 FRANGORUM.
1650 254 1752 302 [1367

355 357 375 382 (ς
408 338 580 384 tionem
614 341 798 381 nostras
834 333 1086 397 predictas,
1117 351 1142 380 a
1165 333 1431 396 juramento
1461 337 1507 378 et
1536 331 1756 379 fidelitate

354 434 373 457 <1
406 420 451 460 et
465 427 740 475 quacunque
755 410 1053 474 obligatione,
1074 409 1244 472 quibus
1263 407 1543 456 tenebantur
1560 407 1753 464 eisdem,

354 510 374 534 (ι
406 488 610 536 totaliter
636 487 938 534 absolvimus.
966 490 1020 534 Et
1052 487 1244 549 insuper
1271 485 1489 532 volumus
1521 489 1568 531 et
1598 483 1759 530 statui-

355 586 375 610 «
406 582 510 612 mus
553 563 680 627 quod
723 581 782 610 ex
821 570 931 611 tunc
970 563 1058 628 ipsi
1102 563 1320 618 sociales,
1365 566 1680 624 receptatores
1714 566 1760 607 et

355 663 374 687 (ι
407 642 674 690 defensores
700 658 864 688 eorum
883 647 930 688 et
955 641 1047 698 alii,
1073 647 1123 688 ut
1150 639 1454 704 premittitur,
1484 638 1760 701 delinquen-

355 740 374 765 «
407 727 495 776 tes,
527 719 618 767 sint
646 724 691 766 et
716 719 974 766 habeantur
995 719 1209 773 infames,
1239 718 1301 764 ita
1326 716 1453 779 quod
1475 732 1561 763 nec
1582 714 1641 762 ad
1666 720 1761 762 tes-

355 817 374 841 «
406 795 677 851 timonium,
721 811 805 842 nec
840 794 954 841 alios
988 799 1119 841 actus
1158 792 1390 856 legitimos
1425 790 1758 845 admittantur3

354 892 374 917 (ι
406 873 519 919 fiant
551 871 690 919 etiam
724 870 1026 925 intestabiles,
1063 869 1128 916 sic
1165 868 1292 932 quod
1321 884 1413 914 non
1442 866 1623 930 possint
1648 882 1760 913 con-

353 969 372 994 «
405 950 516 996 dere
541 953 872 996 testamentum
903 962 987 993 nec
1012 945 1070 993 ad
1098 945 1372 1009 cujusquam
1394 943 1756 999 successionem,

354 1046 373 1071 «
406 1044 465 1074 ex
496 1032 777 1073 testamento
813 1025 884 1071 vel
911 1024 968 1071 ab
1002 1024 1244 1077 intestato,
1277 1022 1565 1085 aliquatenus
1595 1021 1763 1069 admit-

353 1123 372 1147 «
404 1109 577 1150 tantur.
600 1103 759 1149 Nullus
786 1107 1002 1165 preterea
1024 1101 1137 1164 ipsis
1159 1115 1301 1164 super
1320 1115 1599 1162 quocunque
1617 1114 1763 1163 nego-

356 1200 376 1224 «
408 1181 478 1227 cio
500 1179 789 1243 respondere
810 1184 1021 1242 cogatur,
1047 1194 1132 1224 nec
1152 1193 1289 1224 cause
1308 1176 1365 1223 ad
1388 1192 1553 1223 eorum
1574 1175 1765 1223 audien-

355 1276 375 1300 «
408 1256 526 1303 ciam
567 1256 881 1318 perferantur,
924 1255 961 1301 si
1002 1254 1375 1318 jurisdictionem
1414 1252 1639 1310 habeant,
1679 1267 1766 1299 nec

357 1353 376 1378 «
410 1333 593 1380 valeant
618 1349 782 1379 eorum
809 1332 1042 1379 sentencie
1061 1332 1134 1378 vel
1156 1347 1432 1394 processus3
1457 1329 1608 1377 nullus
1629 1329 1695 1376 eis
1718 1328 1763 1375 in

358 1429 376 1452 a
411 1425 687 1472 quacunque
722 1425 859 1456 causa
891 1408 962 1455 vel
997 1407 1190 1472 negocio
1236 1405 1547 1470 patrocinium
1586 1410 1767 1469 prestet

359 1506 378 1530 c<
413 1503 496 1533 nec
521 1485 607 1549 ipsi
639 1485 696 1532 ad
729 1484 1120 1549 patrocinandum
1154 1484 1252 1531 aliis
1285 1484 1618 1538 admittantur3
1648 1489 1695 1530 et
1727 1482 1766 1530 si

359 1583 378 1607 «
411 1563 683 1610 tabelliones
724 1562 921 1618 fuerint,
966 1561 1275 1609 instrumenta
1314 1560 1523 1608 confecta
1559 1575 1646 1623 per
1685 1576 1766 1607 eos

360 1660 379 1684 «
411 1656 502 1686 non
524 1639 722 1697 valeant,
748 1639 831 1686 sed
850 1655 956 1686 cum
974 1645 1132 1686 actore
1153 1639 1408 1701 dampnato
1431 1637 1761 1700 dampnentur,

360 1735 379 1759 «
411 1716 487 1762 filii
526 1732 713 1778 quoque
746 1721 791 1762 et
827 1721 1023 1778 nepotes
1058 1715 1269 1776 ipsorum
1305 1729 1454 1776 usque
1486 1713 1543 1759 ad
1578 1712 1766 1759 tertiam

360 1812 379 1836 (ι
411 1791 760 1856 generationem
781 1791 1015 1838 exclusive
1036 1791 1094 1838 ad
1114 1791 1264 1837 nullos
1281 1791 1485 1837 honores
1504 1789 1768 1836 mundanos

360 1889 380 1913 «
412 1886 493 1916 seu
526 1869 861 1916 ecclesiasticos
897 1868 1230 1923 admittantur;
1263 1868 1376 1914 fiant
1405 1867 1574 1914 domus
1603 1882 1769 1914 eorum

359 1965 378 1990 α
412 1946 625 2001 deserte;
652 1951 698 1992 et
725 1951 776 1992 ut
803 1961 896 1992 non
925 1945 1017 1992 sint
1050 1945 1128 2008 qui
1164 1944 1374 1991 habitent
1409 1944 1456 1990 in
1482 1944 1566 1999 eis,
1596 1943 1768 1991 dentur

360 2042 379 2066 α
411 2028 574 2069 cuncta
612 2038 775 2068 eorum
817 2021 997 2069 edificia
1033 2021 1078 2067 in
1123 2021 1332 2077 ruinam,
1375 2027 1421 2067 et
1455 2026 1506 2067 ut
1542 2026 1768 2084 perpetue

359 2118 378 2142 «
411 2104 571 2146 notam
600 2098 787 2145 infamie
816 2104 1044 2161 perpetua
1071 2098 1205 2145 ruina
1234 2103 1450 2153 testetur,
1488 2096 1613 2144 nullo
1650 2102 1768 2144 tem-

361 2193 380 2218 «
412 2190 527 2236 pore
556 2179 851 2236 reparentur.
883 2174 948 2221 Sit
975 2173 1041 2221 eis
1068 2172 1336 2236 postulandi
1361 2178 1526 2237 negata
1556 2172 1764 2227 facultas,

361 2270 380 2294 «
413 2250 471 2297 sit
500 2250 844 2306 tabellionatus,
877 2250 1110 2314 judicatus
1149 2256 1197 2297 et
1232 2249 1474 2312 quodlibet
1507 2248 1630 2296 aliud
1665 2248 1769 2295 offi-

363 2347 382 2371 «
414 2327 536 2373 cium
564 2343 645 2374 seu
673 2327 979 2374 ministerium
1014 2326 1254 2389 publicum
1281 2325 1608 2381 intcrdictum;
1641 2324 1768 2388 quod

362 2423 382 2447 «
414 2403 450 2450 si
482 2418 614 2450 secus
640 2420 783 2466 super
812 2404 898 2450 hiis
923 2410 1077 2450 actum
1107 2403 1261 2459 fuerit,
1290 2402 1339 2449 id
1367 2418 1526 2449 carere
1551 2401 1768 2449 volumus

363 2499 383 2524 (ι
414 2478 541 2526 omni
586 2478 757 2526 robore
806 2479 1058 2526 firmitatis.
1103 2480 1274 2526 Omnes
1323 2495 1511 2541 quoque
1560 2477 1767 2541 prefatos

361 2575 381 2600 α
414 2555 705 2618 capitaneOS,
765 2556 1063 2619 guidatores,
1128 2555 1463 2611 conestabiles,
1528 2553 1767 2617 caporales

363 2651 382 2674 «
415 2632 688 2678 societatum
723 2631 929 2694 ipsarum
968 2639 1013 2680 et
1047 2632 1160 2680 alios
1192 2649 1495 2695 quoscunque
1529 2631 1587 2678 de
1622 2629 1767 2677 socie-

365 2727 384 2750 «
418 2709 590 2755 tatibus
616 2715 662 2755 et
687 2707 1062 2770 delinquentibus
1083 2708 1362 2773 supradictis
1382 2707 1597 2756 omnibus
1617 2705 1766 2769 digni-
