1923 3358
347 257 390 295 88
623 256 991 291 CHRONOGRAPHIA
1017 255 1169 287 REGUM
1198 253 1474 285 FRANCORUM.
1529 249 1743 297 [1339·134O

344 341 510 388 ducem
527 335 795 392 Brabancie,
819 334 1038 381 comitem
1054 331 1259 381 Hanonie
1281 337 1326 378 et
1345 331 1663 379 marchionem
1684 331 1744 379 de

343 421 366 465 J
371 416 519 463 ulioco
540 428 644 460 cum
663 410 860 458 catervis
876 426 1040 457 eorum
1057 414 1103 456 et
1119 409 1353 456 insecutus
1369 414 1439 455 est
1455 424 1552 455 eos.
1572 408 1745 457 Videns

343 508 455 556 ergo
483 489 609 553 quod
630 505 722 535 non
743 493 903 551 posset
921 503 1002 534 eos
1022 484 1436 550 comprehendere,
1461 484 1745 548 regraciatus

343 574 413 616 est
433 566 566 614 dictis
592 565 793 613 dominis
819 581 924 612 cum
950 581 1118 629 magna
1143 562 1352 619 tristicia,
1376 578 1667 626 conquerens
1686 561 1745 609 de

342 660 454 708 rege
476 642 683 690 Francie.

407 725 711 773 Postmodum
728 724 928 789 regressi
948 728 1056 771 sunt
1069 722 1372 786 Anverpiam,
1394 720 1470 768 ubi
1488 736 1573 769 rex
1587 719 1748 784 Anglie

343 802 534 851 sollicite
558 801 788 849 tractabat
813 801 939 864 quod
962 800 1184 864 Flamingi
1208 799 1359 846 stabili
1373 798 1640 863 juramento
1661 797 1748 845 sibi

336 881 646 945 jungerentur
671 885 833 926 contra
858 895 1016 943 regem
1042 877 1282 925 Francie1.

405 966 475 1009 Ex
515 962 601 1009 alia
641 977 755 1009 vero
793 967 948 1024 parte,
989 959 1274 1015 Ludovicus,
1319 974 1475 1005 comes
1515 955 1745 1013 Flandrie,

342 1039 597 1087 secundum
619 1054 756 1102 posse
778 1054 913 1085 suum
933 1037 1198 1100 Flamingos
1222 1035 1411 1082 tenebat
1435 1050 1668 1090 amorose,
1691 1048 1750 1079 ne

342 1131 449 1162 cum
468 1114 672 1179 Anglicis
697 1119 885 1177 pactum
911 1112 1086 1175 aliquot
1106 1112 1276 1159 inirent
1301 1129 1309 1157 z
1336 1110 1462 1173 quod
1483 1109 1620 1157 nichil
1639 1125 1751 1172 pro-

342 1191 443 1248 fuit,
480 1191 701 1254 quoniam
733 1189 796 1236 illi
827 1189 886 1236 de
919 1189 1053 1236 bonis
1085 1188 1204 1234 villis
1235 1186 1466 1241 Flandrie,
1496 1186 1610 1233 dum
1641 1202 1750 1233 casu

343 1273 465 1315 esset
483 1267 528 1313 in
547 1266 785 1322 Gandavo,
806 1271 1036 1312 venerunt
1057 1264 1162 1312 illuc
1173 1264 1271 1328 jam
1287 1262 1514 1326 predicati
1535 1280 1560 1309 a
1578 1261 1751 1311 Jacobo

342 1342 401 1389 de
415 1341 695 1389 Arthevella.
715 1343 861 1398 Quem
879 1340 1275 1396 constrinxerunt,
1297 1339 1442 1385 invito
1460 1338 1582 1401 ipso,
1599 1338 1751 1385 facere

342 1418 700 1466 conventionem
718 1433 822 1464 cum
844 1417 910 1464 eis
930 1433 983 1464 ac
1002 1415 1266 1463 confortare
1283 1421 1328 1462 et
1345 1415 1574 1462 sustinere
1590 1430 1751 1478 regem

342 1495 504 1559 Anglie
518 1499 678 1542 contra
692 1509 853 1558 regem
867 1493 1057 1541 Francie
1067 1494 1104 1550 2;
1121 1509 1215 1555 quo
1232 1491 1354 1539 facto
1367 1491 1591 1555 Flamingi
1609 1507 1751 1555 super

342 1571 430 1618 hoc
454 1570 639 1634 jocundi
665 1576 824 1633 preter
854 1569 1041 1617 solitum
1072 1569 1267 1616 modum
1299 1567 1518 1615 comitem
1550 1567 1751 1615 honora-

343 1653 529 1695 verunt.

409 1730 573 1777 Comes
610 1727 841 1791 siquidem
875 1727 922 1774 in
959 1744 1008 1775 se
1047 1727 1150 1790 ipso
1187 1725 1419 1774 meditans
1456 1725 1583 1789 quod
1621 1725 1752 1773 aliter

392 1897 424 1932 1.
448 1895 504 1932 Cf.
536 1896 739 1942 ci-dessus‚
770 1907 805 1942 p.
841 1897 899 1942 85,
929 1901 1019 1932 note
1048 1895 1079 1931 3.
1105 1896 1157 1931 Le
1182 1895 1227 1931 23
1251 1895 1515 1942 janvier1340
1540 1900 1591 1934 (n.
1622 1896 1702 1941 st.),
1729 1895 1752 1931 a.

343 1956 512 2002 Anvers,
530 1945 707 1991 Edouard
728 1955 799 2001 III,
821 1955 1010 2001 peut-etre
1032 1965 1098 1990 sur
1119 1955 1153 1990 le
1176 1955 1322 1990 conseil
1343 1955 1386 1990 de
1405 1954 1575 2002 Jacques
1595 1954 1749 1990 d’Arte-

344 2014 473 2061 velde,
504 2014 672 2050 ecartela
702 2024 762 2049 ses
791 2024 916 2050 armes
943 2012 1213 2060 d’Angleterre
1239 2020 1276 2049 et
1303 2013 1347 2048 de
1375 2013 1524 2050 France
1551 2018 1589 2049 et
1614 2013 1691 2060 prit
1715 2013 1751 2050 le

344 2073 432 2109 titre
454 2073 499 2109 de
520 2073 575 2109 roi
596 2073 641 2108 de
662 2072 811 2109 France
837 2073 984 2119 (Baron
1010 2073 1173 2120 Kervyn
1193 2072 1238 2109 de
1261 2072 1516 2118 Lettenhove,
1538 2074 1696 2108 Histoire
1709 2073 1751 2108 de

344 2133 513 2174 mandre,
536 2137 564 2167 t.
586 2132 656 2177 ΙΙΙ,
680 2144 714 2178 p.
739 2131 808 2168 ‘222
828 2137 866 2168 et
885 2132 981 2177 223).
1008 2132 1065 2167 De
1086 2132 1212 2167 meme
1237 2130 1306 2177 (ed.
1330 2131 1375 2167 de
1399 2131 1605 2177 Froissart,
1626 2136 1654 2167 t.
1677 2130 1749 2175 ΙΙΙ,

344 2203 380 2238 p.
405 2190 484 2235 480)
507 2201 557 2226 on
580 2191 726 2237 signale
753 2191 894 2227 l'achat
921 2191 988 2226 fait
1015 2191 1036 2226 a
1063 2190 1173 2226 Gand
1200 2201 1269 2237 par
1293 2181 1473 2226 Edouard
1497 2190 1555 2226 ΙΙΙ
1581 2201 1630 2226 en
1659 2189 1749 2226 1340

345 2248 457 2284 d'une
478 2249 638 2296 tunique
664 2254 701 2285 et
727 2249 817 2286 d'un
843 2249 1002 2286 harnais
1026 2250 1154 2286 semes
1179 2249 1245 2286 des
1272 2260 1399 2286 armes
1420 2249 1692 2297 d'Angleterre
1713 2254 1750 2285 et

345 2306 390 2343 de
411 2307 573 2343 France.

391 2372 426 2407 2.
449 2370 502 2407 Le
525 2371 566 2406 13
587 2371 797 2408 novembre
816 2373 921 2418 1340,
943 2362 1123 2409 Edouard
1143 2372 1201 2409 ΙΙΙ
1223 2372 1384 2409 donnait
1410 2371 1571 2419 pouvoir
1590 2371 1613 2407 a
1640 2371 1752 2408 Guil-

345 2430 473 2466 laume
499 2430 544 2465 de
572 2430 754 2477 Montagu
784 2436 821 2467 ot
852 2432 874 2467 ἐι
899 2432 1022 2468 Henri
1051 2432 1096 2468 de
1131 2432 1324 2468 Ferrieres
1357 2432 1403 2468 de
1435 2430 1661 2478 poursuivre
1694 2431 1750 2467 les

347 2487 611 2534 negociations
645 2488 821 2524 relatives
855 2501 930 2526 aux
962 2490 1174 2538 fianeailles
1202 2490 1246 2526 de
1274 2501 1316 2526 sa
1346 2490 1422 2526 fille
1450 2489 1613 2525 Isabelle
1641 2495 1678 2525 et
1704 2488 1750 2524 de

344 2546 461 2582 Louis
481 2546 525 2581 de
548 2545 661 2591 Male,
686 2551 723 2581 et
738 2558 786 2581 en
807 2553 913 2584 outre
935 2548 980 2583 de
1005 2563 1019 2582 «
1039 2549 1171 2585 traiter
1191 2560 1284 2585 avec
1307 2549 1340 2584 le
1362 2553 1487 2584 comte
1508 2553 1545 2583 et
1565 2548 1621 2582 les
1642 2557 1747 2583 com-

350 2619 365 2638 «
388 2615 525 2640 munes
546 2604 591 2640 de
609 2604 787 2649 Flandre,
805 2606 1108 2652 conJ‘ointement
1124 2614 1161 2644 et
1176 2609 1436 2654 separement,
1453 2606 1567 2642 d'une
1584 2606 1748 2642 alliance

349 2677 362 2696 «
387 2663 665 2759 pcrge'tuelle...
696 2677 711 2696 »
742 2663 956 2709 (Froissart,
990 2666 1048 2702 ed.
1077 2667 1238 2714 Kervyn
1267 2666 1312 2702 de
1338 2665 1591 2710 Lettenhove,
1618 2671 1645 2701 t.
1671 2664 1742 2709 III,

347 2733 381 2768 p.
405 2723 445 2757 47
493 2729 530 2759 et,
551 2723 645 2767 477.)
