1923 3358
350 251 416 287 360
627 249 999 281 CHRONOGRAPHIA
1025 248 1178 281 REGUM
1203 248 1482 282 FRANCORUM.
1535 246 1748 293 [1377-1378

349 346 535 380 auream
571 329 768 375 habente
804 327 1030 374 elevatam
1065 332 1110 374 et
1144 327 1232 374 alio
1265 326 1323 373 ad
1349 327 1502 374 levam
1532 327 1630 392 ejus
1655 329 1750 393 gla-

347 408 474 455 dium
501 404 799 469 evaginatum
824 403 1137 452 tenentibus¹.

410 486 505 541 Qua
542 481 882 545 sollempnitate
920 487 1123 545 peracta,
1165 481 1223 528 de
1256 483 1505 529 Cameraco
1540 482 1746 538 recessit,

346 558 674 608 comitantibus
697 575 805 606 eum
835 558 1036 606 dominis
1063 558 1303 607 Couchiaci
1330 564 1377 605 et
1397 558 1601 622 Riparie‚
1633 574 1752 622 quos

346 637 431 684 sibi
454 636 642 683 obviam
667 635 860 682 miserat
888 652 972 682 rex
998 635 1189 682 Francie
1214 635 1428 693 Karolus,
1458 652 1605 699 nepos
1631 635 1747 700 ejus,

344 714 422 777 qui
449 729 556 760 eum
582 713 628 759 in
661 711 926 776 sumptibus
955 713 1049 760 suis
1077 712 1244 759 abhinc
1268 728 1417 775 usque
1447 711 1503 759 ad
1532 714 1752 760 Sanctum

345 790 602 839 Dionisium
628 790 674 836 in
701 790 892 837 Francia
918 790 1259 846 conduxerunt,
1290 789 1367 836 ubi
1389 789 1515 836 idem
1540 805 1626 836 rex
1645 805 1752 836 cum

345 868 528 916 duobus
549 867 771 915 fratribus
794 867 906 924 suis,
931 867 1103 914 Biturie
1126 873 1170 913 et
1194 867 1461 931 Burgundie
1484 866 1681 916 ducibus
1705 872 1752 914 et

345 945 527 992 sororio
544 944 882 992 Borbonniensi
907 943 1254 1006 baronibusque
1280 950 1324 990 et
1349 943 1538 1007 prelatis
1559 960 1612 991 ac
1631 943 1747 1001 aliis,

347 1023 464 1070 duce
499 1021 822 1086 Andegavensi
858 1021 903 1067 in
936 1021 1110 1085 Lingua
1143 1020 1380 1077 Occitana,
1420 1037 1501 1068 seu
1536 1021 1753 1084 Acquita-

347 1099 419 1146 nia
450 1099 702 1154 existente,
745 1098 896 1145 eidem
933 1098 1044 1145 satis
1082 1114 1231 1160 prope
1267 1098 1312 1144 in
1347 1097 1510 1145 itinere
1547 1097 1753 1144 obviavit

344 1182 389 1223 et
430 1176 586 1240 ipsum
621 1175 852 1239 recipiens
893 1191 1000 1222 cum
1041 1174 1260 1222 ineffabili
1296 1174 1465 1238 gaudio
1509 1175 1554 1222 in
1592 1175 1751 1222 osculo

345 1259 527 1310 sancto,
571 1252 766 1300 deduxit
807 1252 1007 1299 Parisius
1047 1268 1100 1299 ac
1137 1251 1398 1300 introduxit
1435 1252 1482 1299 in
1520 1252 1749 1316 palacium

345 1330 540 1378 suumin
558 1329 712 1393 vigilia
727 1329 808 1393 Epi
813 1329 998 1392 phanie,
1017 1329 1152 1393 eique
1169 1345 1364 1376 munera
1379 1329 1589 1393 preciosa
1607 1329 1751 1378 multa

345 1413 390 1454 et
411 1406 538 1453 varia
564 1405 740 1457 dedit2.

408 1482 645 1530 Remansit
673 1498 860 1545 quoque
883 1481 1157 1545 imperator,
1187 1487 1283 1528 tam
1305 1481 1508 1529 Parisius
1537 1499 1677 1546 quam
1706 1483 1751 1530 in

346 1576 535 1606 nemore
560 1559 837 1608 Vicenarum
861 1575 967 1606 cum
992 1575 1102 1623 rege
1129 1562 1414 1606 Francorum
1436 1559 1532 1607 fere
1555 1559 1752 1622 quinde-

346 1636 435 1682 cim
458 1635 640 1692 diebus,
671 1642 716 1682 et
742 1635 1044 1699 postmodum
1066 1636 1302 1683 renovatis
1322 1636 1533 1684 amicitiis
1559 1643 1606 1684 et
1631 1636 1750 1684 facto

345 1712 503 1759 federe
539 1712 659 1759 inter
687 1712 922 1774 prefatum
956 1713 1100 1759 filium
1133 1729 1287 1767 suum,
1326 1729 1483 1777 regem
1520 1716 1752 1760 Romano-

344 1805 449 1836 rum
489 1794 535 1836 et
577 1788 753 1836 dictum
796 1805 956 1853 regem
995 1792 1302 1845 Francorum,
1346 1790 1476 1854 cujus
1515 1807 1651 1838 causa
1693 1790 1752 1838 ad

344 1864 498 1927 ipsum
533 1880 695 1928 regem
727 1867 1011 1913 Francorum
1044 1866 1316 1924 advenerat,
1352 1883 1459 1914 cum
1495 1867 1589 1915 suis
1615 1866 1752 1914 rediit

344 1940 402 1988 ad
430 1946 586 2004 partes
614 1942 770 1988 suas3.

408 2017 508 2074 Hic,
547 2017 754 2081 inquam,
794 2018 915 2066 filius
951 2018 1048 2082 ejus
1081 2019 1441 2084 primogenitus,
1482 2020 1586 2084 ipso
1618 2026 1750 2085 patre

394 2166 425 2199 1.
450 2163 523 2199 Les
546 2164 708 2200 Grandes
732 2165 956 2210 Chronz'ques
983 2168 1022 2210 (t.
1044 2165 1114 2211 Vl,
1142 2178 1177 2212 p.
1204 2165 1282 2212 360)
1313 2166 1393 2203 font
1420 2177 1644 2214 remarquer
1664 2179 1752 2215 que,

345 2222 376 2257 si
399 2222 626 2268 l'empereur
648 2228 749 2259 resta
769 2223 791 2259 εὶ
811 2224 1003 2270 Cambrai,
1025 2230 1125 2261 terre
1147 2224 1354 2272 d'Empire,
1378 2225 1546 2273 pendant
1573 2227 1628 2262 les
1656 2227 1752 2263 fetes

344 2281 389 2316 dc
413 2281 524 2327 Noel,
551 2282 644 2317 c'est
672 2293 745 2329 que
773 2283 806 2318 le
835 2284 889 2318 roi
918 2283 1083 2320 n'aurait
1103 2295 1169 2331 pas
1190 2285 1347 2321 souffert
1369 2285 1458 2332 qu’il
1480 2287 1636 2334 exercat
1655 2286 1752 2322 dans

345 2340 378 2374 le
402 2349 584 2385 royaume
607 2340 799 2376 certaines
821 2342 1084 2388 prerogatives
1106 2342 1339 2389 imperiales,
1360 2343 1471 2379 telles
1492 2354 1565 2390 que
1587 2343 1681 2380 celle
1705 2343 1751 2380 de

344 2397 424 2432 dire
454 2411 469 2430 <‹
500 2397 534 2432 la
564 2398 769 2444 septiesme
801 2400 912 2448 legen
942 2400 963 2435 ῑι
993 2400 1175 2445 matines,
1205 2408 1358 2437 revestu
1388 2401 1432 2437 de
1465 2413 1526 2438 ses
1556 2402 1683 2438 habit-s
1713 2408 1751 2438 et

347 2470 361 2489 «
386 2456 592 2503 enseignes
616 2457 842 2503 imperiaux.
868 2473 883 2491 n
915 2460 965 2495 Le
989 2460 1083 2497 reicit
1105 2462 1181 2496 tres
1209 2467 1320 2497 exact
1341 2461 1386 2497 de
1407 2468 1518 2498 notre
1540 2461 1751 2509 chronique

347 2514 467 2561 reficit
489 2515 589 2550 ainsi
610 2526 687 2551 une
708 2517 835 2562 pleine
857 2519 1142 2555 confirmation.

393 2574 426 2608 2.
453 2573 698 2620 L'empereur
720 2576 758 2610 tit
780 2587 848 2611 son
871 2578 1003 2613 cntree
1025 2577 1046 2612 ἰι
1070 2578 1178 2614 Paris
1200 2578 1233 2614 le
1255 2579 1274 2614 4
1293 2578 1550 2625 janvier1378
1573 2579 1624 2626 (u.
1647 2580 1723 2618 st.).

393 2632 427 2666 3.
451 2632 504 2667 La
533 2632 707 2668 derniere
737 2641 923 2671 entrevue
951 2635 999 2671 du
1033 2637 1087 2672 roi
1118 2643 1154 2672 et
1184 2636 1229 2672 de
1259 2637 1486 2685 l'empereur
1512 2644 1578 2674 eut
1607 2638 1681 2673 lieu
1714 2637 1748 2673 le

349 2690 391 2723 115
409 2690 561 2736 janvicr
584 2692 672 2728 4378
697 2695 746 2732 (n.
771 2699 830 2731 st..)
854 2695 875 2729 ’ξι
896 2694 1291 2732 Beaute-sur-Marne.
