1923 3358
141 287 244 333 1358]
410 290 782 322 CHRONOGRAPHIA
808 290 961 322 REGUM
986 290 1265 322 FRANCORUM.
1475 287 1542 323 ‘279

138 370 342 435 Anglicis
363 370 442 433 qui
468 376 599 417 erant
616 370 662 417 in
685 372 852 417 Sancto
873 370 1140 427 Clodoaldo,
1171 376 1222 417 ut
1248 370 1461 417 venirent
1485 370 1545 417 ad

139 463 246 494 eum
276 453 322 494 et
348 447 650 511 congregavit
676 452 908 509 quotquot
937 447 1087 510 potuit
1114 447 1285 495 habere
1312 447 1371 494 de
1395 447 1546 494 homi-

138 524 276 571 nibus
303 530 349 571 et
374 524 463 571 iter
486 523 684 586 arripuit
713 523 910 570 tendens
939 524 1157 571 parisius.
1191 527 1248 571 Et
1279 523 1546 588 prepositus

138 601 486 648 merchatorum
513 617 620 647 cum
650 600 744 646 suis
777 599 996 646 federatis
1023 607 1199 647 secrete
1230 617 1546 666 congregave-

137 683 247 724 runt
271 677 460 732 multos,
484 692 569 722 nec
590 675 836 722 voluerunt
861 675 988 737 quod
1014 675 1089 722 illa
1110 683 1245 723 nocte
1270 677 1405 724 fieret
1429 676 1547 741 vigi-

138 754 196 801 lia
215 754 262 800 in
289 753 438 816 portis
463 758 509 799 et
533 752 680 799 muris
706 752 949 799 civitatis1.

202 833 311 878 Erat
347 836 502 876 autem
539 828 586 875 in
625 829 810 876 civitate
846 828 1035 891 quidam
1073 829 1322 895 burgensis
1359 831 1546 878 nomine

137 907 370 956 Johannes
406 905 627 953 Maillardi
662 906 765 968 qui,
805 923 1032 953 consensu
1066 908 1353 963 communie,
1390 915 1547 956 custos

136 1061 210 1107 hic
229 1060 378 1107 voluit
399 1059 525 1122 quod
543 1059 603 1106 illi
626 1059 683 1106 de
704 1066 837 1123 parte
857 1077 937 1107 sua
958 1060 1230 1124 vigilarent3
1254 1061 1313 1108 de
1334 1079 1427 1125 quo
1445 1062 1548 1109 Phi-

137 1137 292 1201 lippus
319 1136 538 1185 Ghiffardi
561 1142 606 1183 et
628 1137 820 1199 quidam
841 1137 915 1183 alii
936 1137 1188 1185 traditores
1208 1138 1270 1185 ob
1290 1138 1378 1185 hoc
1399 1138 1548 1186 incre-

137 1221 368 1277 paverunt
398 1230 507 1261 eum
535 1220 582 1260 et
601 1214 917 1276 requisierunt
937 1213 1090 1261 claves
1110 1221 1248 1277 porte
1276 1232 1417 1278 quam
1444 1232 1549 1263 cus-

136 1291 361 1338 todiebat.
386 1293 515 1338 Tunc
532 1290 657 1338 idem
674 1291 922 1347 Johannes‚
943 1291 1207 1354 percipiens
1227 1293 1544 1350 traditionem,

137 1368 402 1415 con-vocatis
429 1368 592 1431 Pipino
618 1368 676 1415 de
703 1372 893 1415 Essarto
917 1375 962 1415 et
983 1369 1195 1432 pluribus
1221 1370 1320 1417 aliis
1346 1371 1549 1435 burgen-

137 1445 281 1502 sibus,
312 1445 419 1492 fecit
444 1445 666 1492 vexillum
692 1446 881 1493 Francie
915 1446 1086 1493 elevari
1113 1453 1159 1493 et
1188 1463 1295 1494 curn
1322 1448 1417 1495 suis
1439 1465 1548 1495 con-

137 1522 273 1570 sociis
294 1521 461 1569 clamat
486 1539 494 1567 :
522 1540 542 1565 «
565 1521 779 1584 Montjoie
800 1522 898 1586 regi
917 1539 1088 1587 magno
1106 1530 1151 1569 et
1169 1523 1275 1571 duci
1291 1525 1495 1589 regenti!
1524 1545 1543 1569 ›>

137 1598 532 1663 Congregatisque
556 1615 662 1645 cum
684 1599 750 1646 eis
770 1599 927 1646 multis
948 1599 1005 1646 de
1027 1600 1292 1647 communia
1313 1601 1359 1647 in
1384 1602 1544 1658 armis,

136 1676 351 1724 abierunt
385 1692 552 1723 versus
586 1682 773 1739 portam
807 1676 962 1723 Sancti
999 1677 1243 1734 Anthonii‚
1289 1677 1368 1724 ubi
1408 1679 1543 1742 [erat]

135 1753 404 1817 prepositus
429 1753 778 1800 merchatorum
802 1769 906 1800 cum
939 1753 1219 1815 quibusdam
1245 1754 1341 1801 suis
1368 1754 1549 1802 federa-

135 1829 195 1877 tis
220 1830 299 1893 qui
325 1830 432 1877 ficte
460 1830 577 1877 sicut
600 1830 675 1876 alii
702 1829 982 1877 clamabant.

201 1911 326 1954 Tunc
361 1907 593 1955 Johannes
620 1907 841 1954 Maillardi
868 1908 1116 1970 requisivit
1151 1909 1410 1971 preposito,
1442 1926 1548 1972 pre-

137 1990 265 2032 sente
286 1983 551 2031 communia
566 1984 787 2041 Parisius,
813 1985 1030 2047 quatinus
1050 1985 1320 2032 ostenderet
1340 1985 1404 2033 eis
1427 1986 1548 2034 litte-

136 2152 186 2188 du
214 2152 268 2188 roi
289 2151 334 2187 de
361 2151 551 2197 Navarre,
575 2152 667 2188 c'est
697 2162 739 2189 ce
763 2152 1025 2199 qu’affirment
1052 2153 1107 2188 les
1135 2154 1297 2191 Grandes
1323 2154 1547 2200 Chroniques

139 2213 178 2257 (t.
201 2211 270 2257 VI,
292 2223 328 2258 p.
353 2210 421 2248 132
441 2219 479 2247 et
502 2211 597 2252 133).

186 2272 218 2307 1.
241 2272 295 2307 Le
317 2271 357 2307 31
377 2271 519 2318 juillet,
543 2271 576 2306 le
597 2271 732 2317 pre'vot
752 2270 798 2306 de
828 2271 938 2306 Paris
962 2272 1109 2316 voulut,
1132 2271 1281 2319 d’apres
1309 2273 1365 2309 les
1386 2274 1547 2310 Grandes

137 2331 374 2375 Ghronz'ques,
399 2330 493 2366 faire
521 2330 670 2366 donner
698 2330 733 2366 la
760 2330 875 2377 garde
903 2330 969 2365 des
998 2330 1089 2366 clefs
1110 2330 1155 2366 de
1182 2331 1219 2367 la
1244 2331 1392 2368 bastide
1414 2332 1547 2369 Saint-

138 2389 260 2426 Denis
288 2390 309 2424 a
334 2389 521 2426 Josseran
552 2389 596 2426 de
624 2390 777 2434 Macon,
799 2389 983 2438 tresorier
1011 2389 1060 2425 du
1082 2391 1137 2426 roi
1163 2390 1207 2426 de
1235 2391 1422 2427 Navarre.
1445 2392 1546 2428 Jean

138 2448 321 2494 Maillart‚
353 2462 366 2481 «
392 2448 506 2494 garde
533 2448 578 2484 de
605 2448 683 2483 l'un
711 2448 776 2484 des
805 2449 995 2495 quartiers
1023 2448 1067 2484 de
1099 2450 1135 2485 la
1161 2450 1262 2491 ville,
1292 2451 1336 2487 de
1362 2451 1397 2486 la
1423 2452 1544 2497 partie

140 2522 157 2541 «
181 2507 317 2543 devers
334 2507 370 2542 la
383 2507 546 2552 bastide,
563 2521 577 2541 ι)
593 2507 648 2553 s'y
664 2518 805 2554 opposa
820 2514 871 2552 et,
884 2507 1014 2544 levant
1030 2520 1106 2545 une
1119 2509 1307 2546 hanniere
1318 2510 1362 2546 de
1378 2510 1543 2555 France,

140 2580 159 2609 ι,
181 2577 410 2614 commenca
431 2566 452 2601 a
472 2567 581 2602 hault
603 2566 701 2603 crier
725 2580 731 2601 :
757 2567 941 2614 Montjoie
971 2567 1081 2605 Saint
1104 2569 1225 2605 Denis
1247 2581 1295 2605 au
1323 2570 1410 2617 Roy
1431 2576 1468 2605 et
1495 2581 1542 2607 au

141 2625 265 2661 «duc.
292 2639 307 2658 »
332 2624 389 2660 De
416 2635 486 2659 son
514 2625 612 2671 cote',
642 2624 764 2671 Pepin
793 2625 859 2660 des
889 2625 1056 2670 Essarts,
1084 2631 1166 2663 tout
1193 2638 1242 2663 en
1271 2627 1451 2674 ignorant
1479 2640 1542 2664 ces

139 2684 242 2730 faits,
267 2684 307 2720 fit
332 2695 407 2719 une
435 2683 725 2720 manifestation
753 2685 941 2731 analogue
963 2686 1082 2730 (Ibat,
1107 2697 1142 2732 p.
1170 2686 1248 2722 132.
1268 2708 1314 2713 —
1335 2687 1390 2723 Cf.
1414 2686 1542 2723 Frois—

142 2749 237 2789 sart,
260 2743 317 2779 ed.
341 2743 460 2788 Luce,
485 2749 511 2780 t.
535 2743 585 2789 V,
607 2754 641 2789 p.
666 2754 794 2786 xxxm,
814 2749 904 2780 note
926 2745 971 2786 1).
