1923 3358
348 268 415 304 ‘216
620 268 989 300 CHRONOGRAPHIA
1015 267 1167 299 REGUM
1192 266 1469 298 FRANCORUM.
1643 263 1747 309 [1345

346 356 416 397 tra
442 348 682 412 Anglicos3
712 346 986 393 castellanus
1009 345 1086 408 qui
1114 361 1201 408 pro
1228 361 1284 391 eo
1309 345 1550 401 remansit,
1575 346 1748 409 pluries

345 426 456 473 exiit
484 440 566 487 per
592 422 847 485 quamdam
873 422 998 468 viam
1024 422 1227 486 ignotam
1257 420 1628 478 subterraneam,
1657 439 1748 486 que

344 501 541 549 ducebat
556 500 614 546 de
634 499 822 546 castello
837 498 895 546 ad
911 499 1114 561 quodam
1129 498 1231 562 (sic)
1248 514 1412 545 nemus
1429 498 1748 561 propinquum

344 576 507 625 castris
547 575 847 640 Anglicorum
891 581 938 622 et
981 575 1179 622 multum
1223 574 1574 637 dampnificavit
1613 574 1744 622 eos1.

343 652 547 701 Tandem
577 669 691 699 vero
720 652 894 716 Anglici
922 652 1020 699 sine
1047 652 1176 699 lucro
1203 652 1373 699 iterum
1401 651 1616 699 abierunt
1643 657 1748 698 ante

342 734 669 794 Bergeracum,
698 729 898 793 patriam
925 728 1229 776 devastando.

407 810 474 853 Eo
502 813 716 870 tempore
741 806 1043 870 Raymondus
1075 806 1343 863 Foulcaudi‚
1373 812 1424 853 ut
1450 800 1625 853 dictum
1655 812 1743 861 est,

342 884 578 947 profectus
598 890 667 930 est
694 883 895 930 Parisius
922 883 980 930 ad
1002 899 1161 946 regem
1188 883 1450 945 Philippum
1471 889 1518 930 et
1543 882 1749 929 narravit

342 961 382 1006 ei
400 960 598 1023 qualiter
623 960 800 1024 Anglici
829 959 1165 1022 conquirebant
1188 959 1478 1007 Vasconiam.
1507 961 1606 1006 Rex
1631 974 1745 1021 ergo

342 1037 440 1084 sine
479 1053 610 1083 mora
652 1037 778 1083 misit
812 1037 857 1083 in
894 1036 1166 1086 Vasconiam
1203 1036 1350 1083 filium
1389 1052 1542 1092 suum,
1579 1034 1746 1082 ducem

340 1114 644 1167 Normannie,
689 1113 922 1168 Odonem,
971 1113 1139 1160 ducem
1179 1113 1470 1176 Burgundie,
1512 1111 1746 1159 sororium

341 1206 494 1246 suum,
533 1189 700 1236 ducem
735 1190 985 1247 Borbonie,
1025 1195 1245 1252 nepotem
1279 1206 1432 1246 suum,
1473 1188 1748 1252 episcopum

339 1266 683 1323 Belvacensem,
706 1267 986 1330 Philippum,
1006 1267 1224 1314 comitem
1242 1265 1449 1322 Bolonie,
1471 1265 1616 1312 filium
1634 1264 1744 1311 dicti

340 1342 471 1390 ducis
491 1344 777 1407 Burgundie,
799 1344 1018 1390 comitem
1032 1343 1311 1399 Armaniaci‚
1331 1342 1603 1390 markisium
1621 1345 1747 1389 Mon-

338 1419 604 1475 tisfe1²rati²‚
636 1421 830 1467 comites
854 1420 1187 1468 Montisbliardi
1209 1426 1255 1467 et
1281 1420 1339 1467 de
1365 1420 1532 1475 Insula,
1563 1419 1745 1466 viceco-

339 1496 476 1543 mites
508 1497 821 1544 Narbonensis
849 1504 894 1544 et
926 1498 984 1545 de
1013 1497 1237 1554 Thoarco‚
1268 1513 1375 1544 cum
1405 1495 1616 1559 pluribus
1647 1495 1746 1542 aliis

340 1572 594 1620 baronibus
616 1574 662 1620 in
690 1574 892 1621 maxima
917 1574 1260 1621 multitudine3.

403 1652 522 1696 Dum
543 1656 698 1697 autem
723 1651 885 1697 Franci
909 1651 1178 1714 equitabant
1203 1651 1248 1697 in
1270 1650 1562 1706 Vasconiam,
1586 1665 1744 1697 comes

337 1725 630 1772 Herbicensis
650 1732 697 1773 et
713 1727 791 1789 qui
811 1743 918 1773 cum
937 1743 993 1774 eo
1011 1733 1161 1782 erant,
1180 1733 1474 1774 recesserunt
1496 1727 1554 1774 de
1575 1729 1745 1790 Berge-

335 1801 460 1849 riaco
486 1808 532 1849 et
557 1802 770 1850 abierunt
796 1804 1040 1851 obsessum
1067 1804 1306 1850 castellum
1329 1803 1387 1850 de
1413 1803 1587 1851 Riolla4
1614 1802 1742 1866 quod

384 1923 416 1957 1.
440 1922 489 1958 Ce
519 1923 652 1969 detail,
686 1924 815 1959 relatis
841 1935 889 1960 au
919 1935 1079 1971 passage
1111 1924 1328 1961 sontem-ain
1360 1924 1405 1959 de
1439 1923 1744 1970 Sainte-Foy-la-

335 1981 507 2026 Grande,
540 1989 598 2018 est
625 1982 759 2029 ignore
789 1983 833 2018 dc
864 1984 900 2019 la
930 1985 1136 2028 &tironique
1164 1985 1371 2019 normande
1401 1986 1447 2030 (p.
1472 1984 1551 2029 67),
1579 1983 1664 2030 qui,
1693 1994 1742 2019 en

336 2041 544 2087 revanchc,
561 2041 687 2088 ajoute
706 2041 728 2077 a
743 2048 850 2078 notre
870 2042 963 2079 recit
980 2042 1135 2078 l’entree
1157 2042 1205 2078 du
1228 2042 1408 2089 seigneur
1422 2042 1467 2078 de
1485 2042 1741 2090 Castelbajac,

335 2109 502 2134 accouru
525 2111 572 2135 au
595 2111 751 2137 secours
772 2100 838 2136 des
859 2101 1027 2148 assiege's
1051 2103 1169 2146 abiel„
1199 2107 1236 2137 et
1257 2113 1292 2148 p.
1316 2101 1398 2145 ⁶267,
1421 2107 1510 2137 note
1531 2101 1579 2145 2).

381 2157 414 2192 ἱ).
438 2157 492 2191 La
516 2158 724 2202 Clirom'que
751 2160 954 2194 normannie
988 2162 1036 2205 (p.
1059 2159 1118 2202 68,
1141 2164 1230 2194 note
1263 2160 1295 2202 1,
1318 2165 1355 2194 et
1383 2169 1418 2204 p.
1444 2159 1498 2199 71)
1527 2158 1699 2204 l’appelle
1720 2158 1742 2193 a.

334 2220 410 2250 tort
432 2218 461 2249 le
482 2219 648 2260 marquz'x
668 2218 708 2252 de
729 2219 989 2261 Montferrant.
1009 2217 1063 2253 Cf.
1081 2219 1282 2253 Anciennes
1298 2218 1515 2262 chroanues
1529 2218 1569 2252 de
1584 2218 1742 2253 Fiandre

337 2276 457 2319 (Istore
478 2278 508 2308 et
528 2278 719 2319 cronz'ques
739 2277 780 2311 de
800 2276 989 2321 flandras,
1012 2282 1040 2312 t.
1059 2276 1112 2322 ΙΙ,
1134 2288 1170 2323 p.
1195 2276 1264 2318 16).

383 2333 413 2367 3.
440 2331 613 2367 Certains
634 2334 869 2370 manuscrits
890 2334 935 2371 de
956 2335 992 2370 la
1015 2336 1221 2379 Chroniquc
1237 2336 1452 2379 normande,
1471 2334 1536 2382 qui
1551 2345 1600 2371 ne
1621 2334 1741 2371 citent

335 2401 402 2436 pas
424 2395 509 2425 tous
530 2390 585 2425 les
607 2402 717 2427 nonis
739 2393 985 2429 mentionnes
1012 2394 1076 2436 ici,
1099 2406 1146 2429 en
1176 2393 1349 2429 donnent
1378 2393 1559 2429 d'autres.
1583 2393 1632 2429 Ce
1654 2400 1740 2430 sont

337 2458 433 2484 ceux
455 2447 499 2483 de
519 2448 686 2495 Jacques
707 2450 751 2486 de
775 2452 968 2498 Bumbom,
993 2452 1038 2488 de
1060 2453 1230 2500 leveque
1258 2452 1302 2488 de
1323 2452 1520 2499 Tournay,
1543 2452 1592 2488 du
1614 2458 1739 2489 comte

336 2507 381 2543 (le
401 2507 495 2542 Foix
517 2513 554 2542 et
575 2506 624 2542 du
647 2514 771 2544 comte
794 2510 838 2545 ile
861 2511 1080 2548 Monlezun.

384 2566 417 2601 si.
442 2566 494 2602 Le
516 2565 581 2601 fait
602 2578 675 2613 que
697 2567 732 2602 la
753 2568 870 2604 Re'olc
894 2582 941 2606 ne
963 2572 1002 2606 fit
1024 2581 1176 2607 aucune
1198 2571 1410 2606 resistance
1438 2570 1656 2615 (Froissart,
1678 2569 1735 2605 cd.

339 2624 456 2671 Luca),
478 2630 504 2660 t.
528 2624 600 2670 III,
622 2636 657 2670 p.
686 2637 762 2670 xxi,
785 2635 873 2663 note
895 2629 927 2674 ⁶2)
956 2636 1014 2665 est
1045 2630 1160 2666 etabli
1187 2641 1256 2676 par
1281 2629 1332 2665 M.
1365 2629 1596 2676 Bertrandy,
1622 2621 1737 2665 Etude

337 2694 403 2717 sur
424 2686 471 2718 les
492 2685 708 2727 clii-onc'ques
728 2686 768 2718 de
790 2687 982 2733 Froz'ssarl,
1005 2700 1039 2735 p.
1068 2688 1131 2724 162
1153 2688 1174 2722 a
1201 2690 1276 2724 168.
1295 2688 1424 2732 Quunt
1445 2699 1492 2724 au
1515 2688 1693 2727 chateau,
1711 2687 1735 2722 il

341 2742 476 2778 rosista
496 2743 683 2789 peut-etro
701 2743 852 2790 jusqu’a
875 2745 910 2780 la
930 2746 980 2781 fin
1003 2746 1047 2782 de
1069 2746 1270 2783 decembre
1294 2748 1395 2783 1345.
