1923 3358
155 300 258 346 1340]
423 303 792 337 CHRONOGRAPHIA
819 307 970 337 REGUM
996 306 1273 338 FRANCORUM.
1484 305 1543 340 l5l

151 381 569 429 conestabularium
611 383 669 430 de
712 385 789 431 tali
831 400 881 431 re
925 391 1314 447 conquerentem,
1352 402 1549 448 cumque

150 458 289 506 ambo
314 459 689 522 colloquerentur
714 460 793 518 ibi,
824 461 1084 509 vicecomes
1106 462 1419 509 Narbonensis
1446 462 1551 509 illuc

149 536 420 592 adveniens,
450 537 509 584 de
541 537 675 583 simili
707 554 813 585 casu
841 538 1229 600 conquerebatur.
1259 539 1340 597 Qui
1369 539 1552 603 rogavit

149 629 229 660 eos
255 618 305 659 ut
332 612 619 676 postularent
645 613 731 660 illis
760 613 818 660 de
850 613 1033 660 civitate
1066 614 1282 676 quatinus
1314 615 1413 678 ipse
1446 632 1552 663 cum

150 689 243 736 suis
268 689 448 736 exirent
472 689 530 736 ad
557 688 730 751 aliquid
756 689 1033 736 lucrandum
1061 706 1203 752 super
1229 691 1432 739 hostes1.

215 769 313 824 Quo
339 782 560 813 concesso
586 781 692 813 cum
719 772 906 812 centum
938 771 1018 813 Χιἢ
1044 766 1156 813 viris
1187 769 1376 815 armatis
1408 769 1553 816 exivit

148 858 234 905 per
266 845 450 905 portam
490 858 581 903 que
618 841 808 904 respicit
838 841 1134 891 Valencianas
1172 849 1217 890 et
1251 845 1458 906 perrexit
1495 845 1554 893 ad

149 910 406 968 exercitum
436 918 852 975 Brabantinorum3
888 918 946 965 de
979 919 1148 982 quibus
1181 921 1337 968 multis
1369 922 1549 978 occisis,

149 996 262 1043 dum
295 995 525 1043 exercitus
551 995 648 1060 jam
679 1002 1056 1044 commoveretur
1081 1003 1129 1045 et
1157 998 1253 1045 dux
1280 999 1550 1056 Brabancie,

148 1072 319 1120 Alanus
338 1072 396 1119 de
416 1072 703 1136 Syrehonde,
729 1072 977 1136 episcopus
997 1074 1328 1122 Lincolniensis
1347 1082 1393 1123 et
1415 1076 1556 1140 sagit-

147 1148 251 1195 tarii
290 1148 348 1196 de
385 1148 547 1213 Anglia
584 1149 712 1213 ipsos
749 1150 844 1214 jam
880 1150 1071 1214 aggredi
1113 1151 1389 1199 nitterentur
1427 1153 1550 1216 (sic),

148 1226 346 1290 regressi
391 1232 498 1273 sunt
538 1226 596 1273 ad
632 1226 804 1274 dictam
838 1234 1024 1290 portam
1062 1229 1260 1276 civitatis
1298 1235 1343 1276 et
1380 1229 1555 1277 ibidem

149 1308 393 1350 steterunt.
437 1307 735 1366 Insequentes
777 1320 887 1351 vero
932 1304 1100 1352 timore
1138 1305 1554 1354 fundibalariorum

149 1380 350 1444 regressi
378 1386 485 1427 sunt
510 1380 569 1427 ad
595 1381 839 1427 tentoria2.

214 1460 312 1514 Quo
333 1457 455 1504 facto
476 1457 709 1520 principes
730 1463 774 1504 et
794 1458 993 1505 barones
1014 1458 1201 1505 soldarii
1222 1459 1346 1523 regis
1366 1461 1554 1507 Francie

149 1533 288 1581 locuti
324 1539 431 1580 sunt
465 1533 659 1581 Johanni
692 1533 874 1590 Moulle,
904 1535 1097 1582 ,Iohanni
1130 1536 1348 1598 Trabeqot
1379 1542 1424 1583 et
1457 1537 1555 1584 aliis

149 1609 482 1674 burgensibus,
519 1609 736 1672 quatinus
775 1610 1078 1673 providerent
1115 1611 1180 1658 eis
1212 1612 1470 1674 aliqualiter
1496 1613 1556 1661 de

149 1686 441 1742 victualibus,
463 1686 788 1749 promittentes
808 1687 922 1750 ipsis
942 1687 1000 1733 ad
1019 1688 1226 1734 valorem
1247 1689 1445 1736 solvere.
1470 1690 1554 1747 Qui

149 1763 420 1828 burgenses,
447 1762 604 1810 habito
631 1780 774 1826 super
800 1763 888 1810 hoc
911 1764 1119 1821 consilio,
1151 1771 1405 1829 coegerunt
1429 1767 1555 1829 capi-

147 1841 296 1888 tulum
317 1840 593 1887 cathedralis
618 1841 808 1887 ecclesie
835 1840 969 1888 beate
994 1841 1151 1899 Marie,
1176 1846 1226 1888 ut
1251 1842 1438 1889 cuilibet
1465 1843 1557 1890 sol-

150 1917 280 1965 dario
316 1916 441 1980 regis
476 1916 665 1964 Francie
704 1917 940 1964 traderent
976 1934 1117 1965 unam
1152 1918 1377 1965 raseriam
1410 1920 1551 1977 bladi,

149 1999 289 2057 atque
314 1993 661 2056 responderunt
687 1993 753 2041 eis
779 2011 866 2058 pro
893 1994 1123 2042 soldariis.

216 2070 327 2128 Quia
347 2086 462 2117 vero
480 2086 564 2117 rex
588 2070 777 2118 Francie
803 2070 1018 2118 tardabat
1038 2071 1198 2117 venire
1224 2071 1282 2118 ad
1309 2087 1556 2118 removen-

199 2199 231 2234 1.
255 2197 418 2234 Suivant
439 2198 505 2234 des
527 2198 759 2246 chroniques
780 2199 825 2235 de
841 2199 1036 2246 Tournay,
1056 2199 1324 2236 surl'autorite
1340 2200 1554 2247 desquelles

151 2257 319 2304 s’appuie
341 2257 374 2292 le
395 2257 514 2293 baron
529 2258 690 2304 Kervyn
711 2258 755 2294 de
772 2258 1011 2294 Lettenhove
1033 2257 1254 2304 (Froissart,
1272 2263 1300 2294 t.
1317 2258 1385 2303 ΙΙΙ,
1404 2271 1439 2306 p.
1457 2261 1553 2306 511),

151 2317 205 2352 les
230 2315 433 2362 hourgeois
461 2316 605 2352 etaient
631 2316 677 2352 de
697 2316 903 2353 veritables
923 2316 1082 2352 maitres
1102 2317 1147 2352 de
1169 2317 1205 2352 la
1225 2317 1329 2364 ville,
1351 2324 1388 2354 et
1410 2319 1446 2354 la
1466 2330 1553 2365 gar-

151 2375 262 2411 nison
287 2375 369 2410 leur
390 2374 593 2417 obeissait;
619 2388 632 2408 «
658 2375 705 2410 ils
726 2375 969 2412 n'ouvraient
990 2376 1044 2411 les
1066 2380 1192 2421 portes
1213 2387 1286 2423 que
1307 2377 1498 2424 lorsqu'ils
1521 2378 1553 2413 le

153 2448 166 2467 «
188 2433 385 2481 jugeaient
407 2433 644 2469 convenable
666 2439 703 2470 et
724 2445 772 2470 ne
793 2435 996 2470 laisserent
1017 2445 1084 2481 pas
1105 2435 1231 2470 nieme
1249 2446 1381 2481 passer
1396 2436 1451 2471 les
1469 2437 1554 2473 clie-

153 2507 167 2527 «
192 2493 330 2529 valiers
364 2493 427 2539 qui
458 2492 656 2528 voulaient
689 2493 900 2529 combattre
935 2504 1011 2528 aux
1043 2493 1245 2530 barrieres.
1281 2495 1473 2531 Godemar
1504 2496 1552 2531 <lu

153 2567 168 2585 «
192 2552 272 2598 Fay
306 2551 385 2587 s’en
419 2557 574 2587 mantra,
606 2551 679 2587 fort
712 2552 839 2596 irrite,
870 2551 968 2587 mais
1000 2551 1046 2587 ils
1079 2552 1131 2588 lui
1165 2553 1411 2599 repondircnt
1443 2553 1553 2600 qu’ils

154 2625 169 2643 «
191 2610 388 2647 n'avaient
416 2621 482 2656 pas
516 2609 649 2645 hesoin
683 2610 919 2657 d⁷etrangers
949 2621 1044 2657 pour
1077 2610 1256 2647 defendre
1290 2612 1373 2648 leur
1402 2613 1503 2648 ville.
1537 2627 1550 2645 »

152 2669 255 2705 Tous
277 2680 339 2705 ces
361 2668 495 2704 details
514 2674 600 2704 sont
614 2668 703 2704 bien
719 2669 935 2705 conformes
950 2669 971 2704 ἐι
987 2680 1029 2705 ce
1044 2681 1116 2717 que
1132 2669 1185 2706 dit
1201 2676 1310 2707 notre
1326 2671 1550 2718 chronique.

199 2729 233 2764 ⁶2.
256 2727 355 2764 C'est
389 2738 478 2763 sans
509 2727 622 2763 doute
654 2727 676 2762 it
703 2739 745 2763 ce
774 2728 840 2763 fait
871 2728 1034 2765 d'armes
1064 2739 1135 2775 que
1166 2729 1218 2764 les
1249 2730 1407 2765 Grandae
1438 2731 1551 2766 Chro-

154 2789 279 2832 niques
301 2787 381 2823 font
402 2786 566 2823 allusion
589 2787 627 2831 (t.
651 2786 700 2832 V,
722 2798 756 2833 p.
781 2787 875 2833 403).
