1923 3358
336 256 403 292 202
613 255 983 288 CHRONOGRAPHIA
1010 254 1162 286 REGUM
1188 254 1465 287 FRANCORUM.
1630 249 1737 297 [1342

332 342 559 391 Navarre,
601 332 934 380 consobrinum
975 347 1111 379 suum
1151 339 1198 379 et
1239 331 1457 379 comitem
1499 333 1737 380 Haricurie

331 430 437 462 cum
463 409 798 475 quinquaginta
824 407 1011 455 milibus
1032 408 1298 456 hominibus
1324 407 1612 456 armorum1.

396 492 603 550 Cumque
631 486 866 533 venissent
893 501 1043 549 prope
1062 488 1390 549 Nampnetum,
1421 490 1664 549 sperantes
1688 485 1735 532 in

331 566 586 615 crastinum
611 564 782 611 bellum
804 562 978 610 habere
997 579 1103 610 cum
1123 563 1344 627 Anglicis‚
1366 563 1527 610 decem
1555 567 1602 610 et
1627 568 1734 609 octo

331 642 625 707 burgenses2
666 640 882 688 exierunt
926 639 984 686 de
1026 640 1211 687 civitate
1261 646 1311 687 ut
1355 639 1594 686 traderent
1637 655 1738 686 eam

330 720 549 784 Anglicis.
579 717 757 766 Accidit
781 722 938 765 autem
953 734 977 763 a
996 733 1105 764 casu
1126 717 1251 780 quod
1275 716 1439 763 eadem
1466 722 1600 763 nocte
1627 716 1732 763 Milo

331 798 388 845 de
412 796 607 853 Noeriis,
638 810 744 842 cum
770 793 1051 857 quibusdam
1067 794 1167 841 aliis
1184 794 1364 842 Gallicis
1380 793 1577 858 vigilans
1598 809 1741 856 super

328 873 584 922 exercitum
620 875 926 927 Francorum,
967 870 1173 918 obviavit
1210 871 1298 927 eis,
1342 869 1643 918 tendentibus
1679 870 1738 917 ad

330 955 478 998 castra
510 949 811 1013 Anglicorum
853 965 862 994 :
908 947 1030 1010 cepit
1067 954 1223 994 autem
1266 964 1346 994 eos
1386 953 1432 994 et
1472 947 1634 995 aduxit
1676 946 1735 994 ad

331 1026 498 1074 ducem
530 1024 831 1072 Normannie.
861 1023 1040 1087 Anglici
1071 1039 1210 1079 vero,
1249 1024 1337 1071 hoc
1368 1023 1552 1080 audito,
1585 1022 1741 1070 statim

331 1102 508 1167 egressi
529 1108 635 1149 sunt
659 1106 704 1148 et
724 1101 938 1148 abierunt
963 1100 1020 1148 ad
1047 1116 1206 1165 regem
1227 1100 1389 1164 Anglie
1422 1100 1466 1147 in
1498 1099 1741 1148 obsidione

334 1178 614 1227 Redonensi.

398 1259 454 1303 Et
481 1255 577 1302 dux
601 1254 881 1301 Normannie
908 1253 1085 1300 intrans
1112 1253 1347 1300 civitatem
1380 1255 1738 1309 Nannetensem,

327 1332 462 1397 jussit
481 1331 700 1378 decollari
719 1331 869 1378 dictos
890 1331 1148 1395 burgenses
1172 1336 1334 1394 captos
1360 1348 1368 1376 :
1389 1329 1591 1393 indeque
1612 1346 1742 1377 rece-

331 1410 463 1464 dens,
500 1424 607 1456 cum
633 1407 841 1455 exercitu
878 1424 963 1454 suo
995 1407 1107 1454 abiit
1131 1423 1297 1455 versus
1328 1406 1564 1454 civitatem
1589 1407 1743 1454 Redo-

331 1502 524 1533 nensem
561 1501 702 1549 quam
734 1501 818 1531 rex
851 1484 1013 1549 Anglie
1045 1483 1306 1531 obsidebat.
1345 1487 1402 1530 Et
1440 1500 1525 1530 rex
1557 1483 1737 1547 Anglie,

331 1564 420 1610 hoc
455 1563 630 1619 audito,
673 1561 916 1609 confestim
947 1578 1165 1625 egressus
1200 1561 1312 1608 abiit
1348 1560 1406 1608 ad
1447 1560 1741 1608 obsidionem

333 1640 531 1687 civitatis
559 1638 857 1695 Venetensis;
887 1638 983 1685 dux
1015 1644 1171 1685 autem
1200 1637 1481 1685 Normannie
1506 1637 1742 1686 insecutus

334 1723 404 1765 est
428 1733 534 1764 eum
559 1732 804 1779 quousque
824 1715 1039 1778 pervenit
1055 1715 1114 1763 ad
1132 1715 1248 1764 duas
1268 1716 1422 1763 leucas
1442 1731 1592 1779 prope
1608 1731 1742 1762 exer-

335 1794 477 1840 citum
504 1792 619 1856 ejus.

396 1872 452 1917 Et
489 1874 622 1916 erant
661 1868 707 1915 in
748 1867 956 1915 exercitu
991 1866 1122 1914 ducis
1160 1867 1372 1915 Oliverus
1413 1867 1472 1915 de
1517 1867 1738 1926 Cliconio,

334 1946 612 1994 Godesridus
649 1945 707 1992 de
742 1944 980 1992 Haricuria
1014 1950 1059 1991 et
1089 1944 1247 2007 plures
1279 1945 1353 1992 alii
1381 1945 1550 1992 milites
1577 1961 1743 2008 supra—

332 2023 552 2071 nominati
596 2023 675 2086 qui
713 2021 956 2070 traditorie
997 2028 1131 2069 erant
1174 2022 1371 2070 federati
1411 2039 1519 2070 cum
1569 2023 1742 2070 comite

333 2099 634 2149 Montisfortis
671 2104 717 2146 et
750 2099 894 2147 eciam
928 2115 1034 2147 cum
1066 2115 1176 2164 rege
1202 2099 1365 2164 Anglie
1393 2106 1590 2164 propter
1621 2100 1742 2147 dona

384 2264 416 2299 1.
439 2262 631 2298 Froissart
654 2262 723 2308 (ed.
747 2262 866 2308 Luce,
887 2266 915 2297 t.
939 2261 1009 2307 ΙΙΙ,
1031 2272 1066 2308 p.
1089 2261 1375 2307 239)estime1e
1391 2262 1551 2298 nombre
1566 2260 1632 2297 des
1648 2272 1742 2309 gens

335 2322 380 2357 de
408 2331 544 2366 guerre
570 2320 619 2356 du
650 2321 723 2357 duc
757 2321 801 2356 de
832 2319 1070 2357 Normandie
1100 2320 1122 2355 {1
1154 2320 1283 2364 10,000
1312 2321 1488 2356 hommes
1514 2320 1678 2356 d’armes
1705 2326 1742 2356 et

337 2379 466 2425 30,000
495 2389 588 2426 gens
619 2380 664 2416 de
691 2380 789 2426 pied.
819 2380 869 2414 M.
899 2380 1003 2415 Luce
1033 2380 1155 2424 uhta„
1180 2390 1216 2426 p.
1240 2391 1311 2426 vn,
1342 2385 1431 2416 note
1456 2380 1494 2419 ⁶2)
1523 2389 1642 2426 pense
1670 2390 1742 2426 que

336 2437 490 2472 l'armee
512 2436 580 2471 dut
601 2447 641 2471 se
664 2437 894 2474 rassembler
915 2438 937 2473 a.
957 2436 1112 2485 Angers
1131 2442 1167 2474 et
1184 2448 1223 2473 se
1238 2442 1379 2474 mettre
1395 2447 1443 2473 en
1458 2438 1616 2474 marche
1632 2438 1741 2484 apres

337 2496 371 2531 lc
393 2497 434 2532 «1⁶2
457 2495 666 2531 novembro
694 2496 795 2532 134‘3.

384 2556 417 2591 ἱ).
442 2556 495 2590 La
517 2556 723 2599 Cha-onz'que
744 2558 946 2591 normandc
969 2557 1016 2603 (p.
1041 2555 1095 2601 58)
1117 2555 1171 2591 dit
1185 2566 1256 2603 que
1275 2565 1339 2591 ces
1360 2555 1514 2591 traitres
1535 2555 1678 2592 etaient
1693 2566 1740 2590 au

339 2614 498 2649 nombre
531 2613 576 2649 de
609 2619 748 2649 trente.
787 2615 870 2650 Uno
904 2615 1078 2651 variante
1114 2615 1180 2651 des
1213 2616 1416 2650 Anciennes
1448 2616 1664 2659 chroniques
1700 2616 1741 2649 clv

338 2675 495 2709 Flamlre
516 2673 640 2719 (Istoro
660 2677 691 2708 ct
711 2676 900 2718 croniqucs
919 2676 959 2710 (lc
979 2675 1008 2709 F
1009 2676 1165 2718 landrum,
1191 2679 1217 2710 t.
1241 2673 1271 2719 Ι,
1294 2684 1328 2720 p.
1352 2673 1384 2718 8)
1408 2673 1536 2710 donne
1557 2673 1591 2709 le
1606 2673 1739 2709 chiss're

339 2732 383 2766 de
405 2732 632 2778 vingt-huit.
