1923 3358
159 277 373 325 1330-1339]
427 281 798 315 CHRONOGRAPHIA
824 281 975 314 REGUM
1001 280 1278 313 FRANGORUM.
1514 279 1556 315 15

157 360 311 407 dicere
335 360 460 422 quod
488 377 568 408 sua
595 360 763 423 peticio
790 376 881 406 non
915 365 1038 408 esset
1056 359 1180 423 justa
1205 365 1252 406 et
1275 375 1402 415 vera,
1432 359 1556 421 quod

156 436 256 499 ipse
283 453 332 484 se
358 436 644 483 deffenderet
671 453 755 499 per
780 435 984 483 duellum
1010 442 1055 482 et
1081 435 1207 498 quod
1232 452 1325 482 non
1353 443 1558 483 cessaret

154 529 180 559 a
203 529 285 560 sua
312 512 552 576 petitione.

218 595 326 642 Ideo
352 612 436 642 rex
461 594 728 657 indignatus
754 599 824 640 est
848 599 1009 641 contra
1031 611 1154 651 eum,
1178 595 1332 643 taliter
1351 595 1479 659 quod
1499 595 1558 643 ad

154 671 276 719 diem
297 672 574 728 ordinatam,
598 670 704 718 fecit
723 670 912 718 defferri
934 671 1036 734 (sic)
1059 671 1234 719 litteras
1252 672 1299 718 in
1318 672 1559 735 presencia

151 748 429 796 Parlamenti
460 752 506 794 et
537 764 614 794 eas
644 747 883 795 dilacerari
911 753 1049 810 atque
1072 748 1244 795 dictam
1269 749 1559 796 domicellam

152 826 252 888 capi
283 829 330 872 et
362 824 468 872 duci
503 824 548 871 in
583 824 877 873 Castelletum
915 824 1199 881 Parisiense3
1232 825 1558 889 Robertusque

150 901 350 948 Arthesii
365 901 451 949 fuit
463 901 796 965 sourjudicatus
813 919 837 948 a
850 901 1070 949 comitatu
1081 902 1282 949 Arthesii
1296 921 1306 959 3
1321 919 1559 966 quaprop-

149 984 222 1025 ter
233 977 358 1025 idem
372 978 604 1025 Robertus
624 977 683 1025 de
696 978 909 1026 Arthesio
927 977 1044 1025 dixit
1061 979 1204 1026 multa
1220 979 1363 1026 verba
1378 978 1436 1026 de
1449 995 1558 1043 rege

150 1061 195 1102 et
218 1055 379 1119 regina
408 1055 543 1102 valde
574 1055 693 1102 male
726 1055 992 1103 sonnancia.
1023 1058 1174 1113 Quare
1199 1071 1286 1102 rex
1313 1055 1422 1103 fecit
1451 1072 1558 1103 eum

149 1131 384 1195 adjornari
422 1131 480 1178 ad
518 1147 600 1178 sua
634 1131 737 1195 jura
767 1149 776 1177 z
808 1131 908 1194 ipse
946 1137 1100 1179 autem
1135 1132 1368 1180 Robertus
1403 1132 1557 1180 renuit

150 1207 309 1255 'venire
347 1224 432 1255 nec
475 1208 691 1272 dignatus
735 1215 806 1256 est
844 1225 893 1256 se
936 1209 1061 1272 apud
1105 1226 1268 1273 regem
1311 1226 1552 1257 excusare.

150 1284 326 1333 Idcirco
353 1285 562 1332 exulatus
588 1291 659 1332 est
684 1303 710 1332 a
735 1301 880 1350 regno
912 1286 1101 1333 Francie
1136 1287 1328 1350 ejusque
1365 1286 1555 1333 exilium

151 1362 498 1426 promulgatum
526 1367 597 1409 est
624 1378 710 1425 per
738 1363 894 1409 omnia
926 1362 1169 1425 quadrivia
1200 1363 1399 1411 civitatis
1430 1363 1557 1410 Pari-

150 1436 332 1484 siensis.
362 1442 417 1485 Et
442 1444 605 1501 postea
630 1438 737 1485 fecit
761 1455 846 1485 rex
881 1438 1172 1486 domicellam
1198 1439 1244 1486 in
1271 1440 1429 1487 eculeo
1455 1457 1556 1487 sus-

148 1513 308 1576 pendi,
337 1530 429 1577 que
453 1515 679 1561 confitens
704 1520 856 1562 toturn
879 1515 1069 1572 factum,
1099 1516 1403 1580 postmodum
1428 1533 1556 1564 com-

149 1589 285 1637 busta
307 1596 378 1638 est
401 1591 604 1639 Parisius
629 1591 675 1638 in
701 1592 802 1638 foro
826 1592 1128 1640 Porcorum1.

212 1677 371 1736 Itaque
396 1674 628 1722 Robertus
653 1674 711 1721 de
738 1675 952 1722 Arthesio
978 1675 1172 1723 nimium
1197 1675 1471 1723 tristabatur
1497 1676 1555 1723 de

148 1750 236 1797 hoc
260 1750 386 1814 quod
414 1751 500 1798 sibi
527 1768 612 1798 rex
638 1752 810 1799 fecerat
836 1759 880 1799 et
902 1752 1018 1799 dixit
1038 1752 1096 1799 de
1117 1769 1172 1800 eo
1194 1752 1321 1815 quod
1343 1770 1429 1816 per
1449 1770 1555 1800 eum

147 1827 374 1875 habuerat
408 1834 454 1875 et
485 1845 570 1892 per
604 1846 712 1876 eum
748 1829 962 1876 amiteret
993 1847 1210 1895 regnum.
1245 1830 1418 1878 Deinde
1451 1830 1558 1877 fecit

148 1903 254 1951 duci
279 1921 444 1951 omnes
470 1904 733 1952 dextrarios
759 1921 868 1952 suos
890 1905 1025 1952 valde
1046 1906 1234 1968 pulcros
1255 1912 1301 1952 et
1319 1912 1556 1953 tesaurum

150 1996 286 2027 suum
312 1981 554 2045 copiosum
580 1982 716 2029 valde
741 1981 866 2046 apud
892 1982 1199 2047 Burdegalam
1223 1999 1365 2046 supra
1391 1982 1557 2030 Giron—

149 2056 283 2114 dam3
307 2059 476 2121 quibus
498 2059 672 2107 ibidem
693 2059 856 2123 positis
875 2059 920 2106 in
942 2076 1088 2115 mare,
1114 2059 1222 2106 fecit
1241 2076 1294 2106 ea
1318 2059 1555 2106 transvehi

148 2132 195 2179 in
221 2135 458 2199 Angliam3
486 2142 742 2200 posteaque
767 2136 878 2184 abiit
903 2136 961 2183 ad
982 2136 1148 2183 ducem
1173 2136 1444 2194 Brabancie,
1475 2136 1554 2199 qui

149 2210 325 2273 recepit
349 2228 455 2259 eum
480 2212 526 2259 in
553 2213 702 2276 patria
729 2230 811 2260 sua
836 2229 922 2275 per
948 2212 1124 2275 aliquot
1151 2218 1354 2275 tempus.

213 2292 415 2349 Qualiter
439 2294 498 2341 ab
525 2311 579 2341 eo
606 2295 853 2343 recesserit
873 2293 1122 2341 dicendum
1143 2299 1230 2341 est.
1254 2297 1369 2340 Nam
1389 2293 1554 2341 accidit

149 2369 276 2431 quod
306 2386 461 2417 comes
493 2372 698 2418 Hanonie
729 2371 809 2435 qui
841 2376 1062 2434 nupserat
1093 2371 1209 2418 filias
1246 2387 1376 2427 suas,
1412 2386 1552 2418 unam

148 2446 247 2510 regi
267 2446 551 2505 Alemannie‚
576 2448 713 2495 aliam
737 2448 837 2512 regi
862 2447 1042 2512 Anglie,
1066 2448 1202 2495 aliam
1227 2448 1385 2496 comiti
1411 2451 1435 2496 J
1440 2448 1554 2495 ulio-

147 2522 288 2579 censi,
308 2522 540 2586 juniorem
561 2525 778 2588 promisit
792 2525 963 2588 juniori
985 2525 1078 2572 filio
1101 2525 1232 2573 ducis
1249 2524 1548 2573 Brabancie2.

198 2700 230 2736 1.
254 2698 309 2735 Cf.
335 2700 493 2736 Grandes
515 2700 738 2745 Ghronz'ques
761 2701 801 2746 (t.
825 2700 876 2746 V,
899 2711 933 2747 p.
956 2700 1053 2746 345).

196 2759 229 2794 Q,
252 2759 324 2794 Les
350 2760 551 2795 Anciennes
578 2761 794 2805 chron-iques
820 2761 861 2795 cle
887 2762 1044 2796 Flanclre
1073 2762 1195 2805 (Istore
1223 2765 1255 2796 et
1284 2763 1474 2806 croniques
1509 2761 1550 2794 de
