1923 3358
115 286 218 334 1366]
386 289 757 323 CHRONOGRAPHIA
782 289 936 322 REGUM
960 289 1238 322 FRANCORUM.
1451 284 1516 320 327

115 369 307 434 copioso
342 368 525 426 abiens,
565 368 751 416 obsedit
780 369 991 416 Toletum
1023 367 1324 432 metropolim
1358 366 1518 414 civita-

113 453 229 502 tem,
258 452 397 509 atque
427 446 557 494 dedit
588 446 850 493 Bertrando
881 446 939 493 de
974 446 1216 510 Glaiquino
1246 445 1518 494 comitatum

114 524 297 572 Esturie
320 540 407 587 pro
433 540 489 570 eo
515 523 642 585 quod
667 523 753 570 sibi
780 523 1109 571 subvenerat'.

178 600 367 648 Interim
408 617 516 648 oum
555 599 782 647 Henricus
820 607 943 647 esset
982 606 1090 647 ante
1133 599 1390 656 Toletum2‚
1433 615 1520 646 rex

113 681 277 726 Petrus
304 677 482 740 appulit
508 677 553 724 in
583 676 789 739 quodam
820 682 960 740 portu
995 677 1097 740 (sie)
1131 677 1190 723 ab
1215 676 1379 724 eadem
1408 675 1519 723 civi-

113 760 208 802 tate
223 754 374 800 tribus
395 753 875 801 leucistantummodo
895 753 1097 801 distante
1113 772 1124 809 3
1148 761 1193 800 et.
1212 759 1345 800 erant
1361 768 1519 800 secum

112 847 248 895 reges
290 829 594 877 Bellemarine
632 835 679 876 et
713 832 911 877 Granate
953 829 1050 877 fere
1090 846 1196 877 cum
1232 844 1293 877 XL
1333 829 1520 876 milibus

113 907 421 955 sarracenis?
441 908 540 953 Rex
560 912 715 953 autem
733 906 958 953 Henricus
979 913 1023 954 et
1043 906 1344 962 Bertrandus,
1362 905 1520 953 audito

114 1001 278 1033 eorum
304 984 526 1041 adventu,
552 983 767 1032 abierunt
794 989 955 1031 contra
981 1001 1062 1032 eos
1082 984 1140 1031 ad
1161 990 1351 1048 portum
1372 990 1418 1031 et
1439 1000 1521 1030 eos

112 1060 159 1108 in
185 1060 305 1108 bello
341 1060 615 1108 devicerunt
650 1077 702 1108 ao
736 1060 783 1108 in
815 1077 944 1107 mare
976 1060 1162 1125 regredi
1194 1060 1522 1123 compulerunt

113 1154 218 1186 cum
256 1153 425 1201 magna
453 1137 703 1184 amissione
737 1137 978 1184 hominum
1005 1153 1215 1184 suorum.
1244 1139 1411 1183 Postea
1435 1152 1521 1183 rex

112 1218 276 1262 Petrus
313 1214 439 1261 venit
479 1214 788 1278 Burdegalam
821 1214 880 1261 ad
917 1213 1179 1277 principem
1217 1212 1427 1269 Wallie4‚
1470 1227 1522 1258 ac

113 1291 265 1339 eidem
284 1291 530 1354 requisivit
556 1291 682 1354 quod
703 1292 744 1338 ei
769 1291 1028 1338 subsidium
1048 1290 1283 1338 conferret
1305 1289 1364 1336 ad
1390 1305 1523 1336 recu-

113 1368 379 1432 perandum
404 1384 618 1432 regnum,
649 1373 700 1415 ut
722 1385 808 1432 per
827 1368 915 1415 hoc
937 1367 1090 1415 eidem
1112 1366 1383 1430 homagium
1404 1366 1524 1412 faee-

113 1451 187 1493 ret
212 1445 271 1493 de
296 1462 442 1509 regno
469 1462 554 1493 suo
580 1445 798 1508 Hispanie
824 1451 997 1492 etcum
1024 1445 1112 1492 hoe
1132 1444 1336 1492 solveret
1360 1459 1524 1490 omnes

115 1522 345 1570 soldarios
370 1538 490 1585 quos
515 1522 616 1585 ipse
642 1522 812 1569 ducere
840 1522 996 1569 vellet.

179 1599 294 1647 Huic
323 1604 542 1662 requeste
569 1599 805 1646 consensit
836 1599 1102 1663 princeps5,
1131 1603 1364 1645 annuente
1392 1603 1526 1660 patre

115 1693 200 1724 suo
225 1676 492 1724 Edowardo
512 1692 639 1740 rege,
670 1676 750 1739 qui
770 1676 942 1723 multos
962 1675 1177 1740 Anglieos
1200 1674 1287 1722 sibi
1308 1674 1526 1721 transmi-

116 1753 191 1810 sit,
221 1770 341 1816 quos
370 1753 593 1800 conduxit
622 1753 873 1809 Johannes,
904 1753 1026 1800 filius
1057 1769 1186 1807 suus,
1221 1751 1318 1799 dux
1342 1751 1527 1798 Lincas-

115 1830 202 1878 trie
228 1848 287 1878 ex
321 1836 454 1893 parte
481 1830 642 1877 uxoris
674 1847 774 1886 sue,
815 1829 906 1876 filie
938 1829 1141 1886 Henriei‚
1180 1828 1312 1876 ducis
1337 1828 1396 1875 de
1421 1828 1526 1875 Lin-

116 1907 301 1964 eastria,
326 1907 504 1955 dudum
524 1907 707 1955 comitis
734 1907 1029 1955 Herbicensis
1048 1922 1201 1969 nuper
1220 1905 1444 1962 defuncti,
1468 1905 1526 1952 de

117 2001 211 2047 quo
237 1983 558 2047 supradictum
584 1984 704 2031 estss.

167 2119 200 2154 1.
224 2118 300 2154 Sur
326 2119 381 2155 les
408 2118 613 2155 donations
641 2118 754 2154 faites
780 2118 803 2153 a
829 2117 878 2153 du
906 2116 1106 2162 GuescIin,
1129 2116 1212 2153 voir
1232 2116 1434 2162 Froissart‚
1465 2116 1524 2152 e'd.

118 2178 238 2224 Luce,
253 2183 280 2214 t.
296 2178 365 2223 VI,
382 2189 584 2225 p.1.xxxv1,
601 2182 691 2213 note
707 2178 740 2213 6.
759 2176 812 2213 Cf.
830 2177 992 2213 Grandes
1008 2177 1245 2220 Chroniques,
1263 2181 1290 2211 t.
1305 2175 1375 2222 VI,
1390 2187 1425 2222 p.
1443 2176 1524 2212 240.

164 2237 199 2274 2.
223 2236 324 2273 C’est
345 2238 457 2284 apres
478 2237 514 2273 la.
535 2236 637 2283 prise
658 2236 703 2273 de
719 2235 860 2271 Tolede
878 2246 951 2282 que
966 2234 1090 2270 Henri
1106 2234 1295 2281 s’empara
1308 2234 1353 2270 de
1369 2234 1527 2281 Seville,

120 2298 167 2333 oi]
188 2296 214 2331 il
234 2296 305 2332 mit
327 2297 365 2332 la.
384 2296 490 2332 main
512 2307 577 2331 sur
598 2296 632 2332 le
652 2296 777 2331 tresor
797 2295 842 2330 de
866 2294 998 2330 Pierre
1023 2294 1056 2329 le
1082 2293 1196 2329 Cruel
1223 2293 1442 2340 (Froissart,
1467 2294 1525 2331 ed.

119 2356 237 2400 Luce,
260 2360 286 2390 t.
309 2355 380 2401 VI,
402 2367 438 2402 p.
463 2367 630 2400 LXXXVII,
652 2360 742 2391 note
766 2355 796 2396 1)
820 2364 906 2390 vers
927 2353 961 2388 le
983 2353 1081 2388 mois
1102 2352 1148 2388 de
1168 2352 1245 2387 mai
1268 2352 1372 2388 1366.

168 2414 200 2450 3.
223 2414 322 2450 Tout
344 2414 424 2450 ceci
445 2419 503 2451 est
523 2414 569 2450 de
589 2425 684 2460 pure
704 2413 898 2449 fantaisie.
916 2412 1044 2458 Ainsi,
1066 2412 1166 2447 alors
1187 2421 1260 2459 que
1281 2416 1391 2448 notre
1414 2412 1527 2448 chro-

120 2472 237 2519 nique
258 2472 427 2518 imagine
449 2483 521 2519 que
543 2472 685 2508 Tolede
706 2472 805 2508 n'e-st
825 2471 911 2518 qu’a
931 2471 1026 2507 trois
1046 2471 1165 2506 lieues
1186 2470 1231 2507 de
1252 2470 1289 2506 la
1308 2481 1406 2515 mer,
1428 2475 1527 2507 cette

121 2531 210 2567 ville
232 2542 281 2567 en
302 2536 360 2567 est
379 2542 427 2567 au
443 2531 636 2567 contraire
651 2531 672 2566 a
687 2542 764 2567 une
779 2530 953 2566 distance
968 2530 1013 2567 de
1028 2530 1096 2567 350
1109 2530 1334 2567 kilometres
1349 2529 1525 2566 environ.

169 2591 203 2625 4.
227 2588 288 2625 Au
312 2590 409 2625 mois
430 2589 475 2625 de
498 2589 715 2636 septembre
738 2589 841 2626 1366.

169 2651 203 2685 5.
226 2650 279 2686 Le
310 2649 366 2685 roi
395 2649 574 2694 detrime,
603 2649 638 2684 le
669 2649 725 2685 roi
755 2648 800 2685 de
826 2649 1000 2685 Navarra
1033 2654 1070 2685 et
1098 2649 1132 2685 le
1162 2649 1293 2695 prinee
1323 2649 1368 2684 de
1398 2649 1528 2684 Galles

123 2709 338 2756 signerent,
360 2709 394 2744 le
415 2708 459 2744 23
481 2709 697 2755 septembre
719 2708 823 2753 1366,
846 2720 899 2744 un
920 2709 1034 2745 traite
1054 2708 1271 2745 d’alliance.

171 2768 204 2804 6.
226 2768 339 2814 Jean,
368 2768 441 2804 duc
468 2768 513 2804 de
536 2768 763 2813 Lanoastre‚
791 2767 858 2804 dut
883 2767 1026 2815 quitter
1045 2767 1303 2814 l’Angleterre
1323 2778 1396 2815 peu
1418 2768 1527 2814 apres
