1923 3358
320 277 385 313 156
595 277 966 310 CHRONOGRAPHIA
993 277 1145 309 REGUM
1170 278 1448 311 FRANCORUM.
1615 277 1720 324 [1340

319 375 426 415 eos3
462 357 638 406 Almani
675 371 862 418 quoque
900 371 950 402 se
985 371 1239 419 oppressos
1274 357 1530 405 sencientes
1564 360 1719 407 statim

318 436 535 499 fugerunt
555 448 719 479 versus
744 436 895 479 castra
920 432 1236 496 Anglicorum.
1261 434 1371 482 Aliis
1391 451 1505 481 vero
1532 451 1720 483 currum

318 509 592 556 vehentibus
617 510 892 564 Tornacum,
917 524 1028 554 mox
1054 508 1271 556 exierunt
1295 509 1427 557 multi
1454 509 1512 557 de
1537 510 1720 559 civitate

317 591 360 632 et
382 601 461 631 eos
481 584 542 630 ita
562 589 953 646 properaverunt,
976 590 1025 631 ut
1045 585 1275 633 exercitus
1291 586 1384 649 jam
1407 587 1492 633 hac
1510 586 1569 634 de
1586 603 1721 635 causa

317 666 577 708 commotus
604 676 696 707 non
722 666 883 723 posset
908 677 988 708 eos
1014 661 1259 726 attingere,
1291 663 1400 725 quin
1426 663 1557 726 prius
1582 663 1722 711 duce-

316 744 419 784 rent
452 753 641 784 currum
674 743 719 784 et
752 754 899 800 equos
930 738 973 784 in
1008 739 1259 786 civitatem.
1293 740 1438 804 Hujus
1471 756 1605 787 causa
1638 757 1722 788 rex

317 813 476 876 Anglie
515 812 600 859 hiis
638 812 819 860 amissis
859 814 1066 861 tristatus
1100 820 1170 861 est
1199 815 1334 862 valde
1369 833 1377 861 ε
1408 819 1722 864 Tornacenses

317 905 431 935 vero
458 889 655 936 leticiam
682 905 739 935 ex
765 889 852 936 hoc
878 889 1189 938 deduxerunt.

382 970 545 1014 Postea
578 983 734 1013 comes
766 967 973 1014 Hanonie
1006 967 1063 1014 ad
1099 967 1355 1015 faciendam
1381 969 1632 1016 vindictam
1665 970 1723 1017 de

320 1043 389 1090 sui
426 1043 533 1106 fuga
574 1043 893 1106 vituperabili,
938 1045 1190 1108 assumptis
1235 1061 1393 1092 secum
1436 1046 1628 1093 domino
1664 1046 1723 1093 de

318 1119 560 1173 Moubrau,
597 1120 867 1166 marescallo
898 1120 1182 1177 Londonie1,
1212 1121 1355 1168 Alano
1383 1122 1441 1169 de
1467 1122 1722 1170 Sirehonde

317 1202 362 1243 et
388 1196 601 1259 pluribus
627 1197 742 1252 aliis,
773 1213 989 1261 egressus
1021 1197 1080 1244 de
1117 1198 1280 1245 castris
1309 1199 1608 1263 Anglicorum
1637 1217 1723 1263 per

316 1275 439 1321 viam
466 1291 556 1337 que
583 1274 708 1321 ducit
735 1274 898 1321 Insulis
920 1273 1022 1338 (sie)
1047 1291 1187 1337 supra
1213 1275 1407 1322 fluvium
1432 1275 1567 1332 Lisie,
1592 1277 1723 1339 quasi

318 1369 422 1399 oum
450 1352 611 1399 decem
637 1351 822 1398 milibus
849 1351 961 1398 viris
981 1352 1109 1399 venit
1134 1369 1282 1415 usque
1308 1352 1365 1399 ad
1399 1352 1575 1400 Tresin.

382 1429 586 1483 Interim,
613 1444 718 1475 oum
739 1433 894 1476 essent
914 1428 994 1486 ibi,
1014 1429 1262 1492 episcopus
1283 1429 1566 1484 Leodiensis,
1587 1447 1723 1478 eausa

319 1505 533 1553 sumendi
565 1521 721 1551 aerem
752 1505 1046 1561 matutinum,
1077 1506 1243 1554 eodem
1275 1506 1438 1554 itinere
1471 1508 1720 1571 pergebat3

319 1599 459 1645 quem
485 1582 735 1645 inspiciens
760 1597 916 1629 comes
942 1583 1164 1639 Hanonie,
1191 1583 1422 1630 exiliendo
1449 1584 1725 1631 exclamavit

319 1660 375 1707 ad
399 1665 617 1707 mortem.
642 1664 767 1706 Tunc
791 1659 1037 1722 episeopus
1063 1659 1332 1722 pavefactus
1359 1659 1475 1707 dixit
1502 1660 1724 1709 militibus

319 1737 413 1783 suis
453 1735 579 1798 quod
623 1735 820 1782 traditus
861 1742 959 1782 erat
1000 1742 1138 1798 atque
1180 1737 1361 1800 rogavit
1403 1753 1484 1784 eos
1524 1744 1575 1784 ut
1617 1754 1723 1785 eum

318 1813 623 1860 observarent
648 1829 705 1858 ne
729 1817 997 1875 caperetur3
1022 1829 1202 1859 necnon
1229 1813 1383 1860 subito
1409 1813 1536 1861 misit
1562 1831 1724 1877 quern-

319 1888 426 1935 dam
452 1904 587 1936 suum
613 1888 897 1952 armigerum
917 1889 976 1936 ad
996 1894 1147 1936 castra
1167 1892 1451 1937 Francorum
1472 1890 1528 1937 ad
1550 1891 1724 1938 haben-

318 1966 430 2012 dum
473 1964 711 2012 auxilium.
757 1965 1014 2012 Commisso
1058 1966 1212 2029 itaque
1258 1966 1428 2028 prelio,
1474 1967 1724 2031 episcopus

319 2043 489 2090 multos
516 2041 682 2088 occidit
708 2047 752 2089 et
778 2042 895 2097 lesit,
922 2042 1084 2104 suique
1104 2043 1315 2090 homines
1336 2043 1610 2091 resisterunt
1631 2045 1724 2091 for-

319 2119 426 2165 titer
452 2124 496 2165 et
523 2135 628 2165 eum
655 2118 1022 2166 observaverunt
1054 2119 1274 2181 quamdiu
1306 2126 1577 2182 potuerunt.
1609 2123 1724 2167 Tan-

321 2194 428 2240 dem
453 2210 565 2239 vero
590 2194 699 2240 vieti
726 2201 832 2241 sunt
855 2195 1133 2241 Leodienses
1158 2201 1204 2241 et
1230 2195 1477 2258 episcopus
1503 2202 1684 2259 captus.

385 2269 558 2317 Eodem
595 2270 714 2317 bello
752 2271 970 2327 durante,
1006 2287 1163 2318 comes
1196 2272 1422 2319 Sabaudie
1456 2272 1542 2319 hec
1573 2272 1723 2320 sciens

324 2362 408 2409 per
430 2346 604 2393 dictum
625 2347 911 2403 semiferum,
936 2347 1032 2395 fere
1053 2364 1157 2394 cum
1178 2347 1341 2395 decem
1361 2348 1548 2396 milibus
1569 2365 1723 2395 arma-

325 2423 397 2478 tis,
430 2422 524 2485 jam
556 2422 674 2469 bello
706 2424 854 2480 finito,
888 2424 1174 2488 supervenit.
1205 2427 1351 2482 Quem
1376 2424 1540 2472 videns
1565 2441 1722 2472 comes

324 2496 544 2552 flanonie,
573 2498 751 2544 monuit
783 2515 892 2546 suos
920 2499 1261 2546 multitudinem
1289 2504 1571 2547 Francorum
1598 2500 1723 2547 elon-

374 2627 403 2661 1.
429 2626 483 2661 La
514 2626 718 2670 Clzrom'que
749 2630 959 2671 normande,
989 2629 1052 2675 qui
1084 2630 1236 2665 resume
1266 2640 1314 2665 en
1341 2628 1459 2665 douze
1489 2629 1611 2675 lignes
1640 2635 1722 2664 tout

331 2685 362 2719 lo
394 2684 458 2719 fait
488 2684 651 2720 d'armes
681 2684 853 2731 suivant„
882 2698 1036 2723 nomme
1067 2699 1109 2724 ce
1140 2699 1378 2734 personnage
1409 2689 1441 2723 le
1470 2688 1649 2723 seneehal
1676 2687 1719 2723 ‹lo

327 2742 508 2777 Londros.
