1923 3358
117 291 221 337 1340]
393 293 761 327 GHRONOGRAPHIA
787 293 939 327 REGUM
964 293 1242 326 FRANCORUM.
1469 290 1512 325 93

118 392 138 417 <z
172 389 256 419 nos
290 377 497 420 vestrum
535 373 742 420 debitum
778 372 976 428 faciatis,
1016 372 1137 419 circa
1171 372 1339 419 festum
1374 374 1515 419 Pasce

117 468 136 492 c<
169 449 381 512 proxime
408 456 674 505 venturum,
696 449 741 495 in
765 455 923 496 nostra
949 466 1078 511 pace,
1102 448 1388 512 protectione
1410 464 1515 511 spe—

118 545 138 570 «
169 526 269 572 ciali
295 532 339 573 et
360 526 638 573 deffentione
664 542 748 572 vos
774 526 1026 588 suscipere,
1050 525 1242 589 insuper
1266 525 1392 589 quod
1418 525 1516 588 ple-

118 621 139 646 «
170 602 296 648 narie
331 602 570 666 gaudeatis
604 600 975 663 quibuscumque
1007 602 1380 663 possessionibus
1410 618 1516 648 ves-

116 698 136 723 «
168 679 252 726 tris
277 679 527 726 mobilibus
550 682 596 724 et
621 677 939 724 immobilibus
962 677 1098 724 nichil
1125 678 1293 725 horum
1315 678 1516 741 perdere

116 774 136 800 <z
166 755 433 810 hesitantes,
463 770 549 801 nec
573 753 748 816 aliquot
776 769 1030 817 gravamen
1058 753 1348 801 inferendum
1375 770 1518 817 super

115 850 135 875 ε(
163 831 307 894 elapsi
327 829 554 893 temporis
574 828 804 892 aliquibus
824 828 1010 876 offensis
1027 829 1338 892 quovismodo
1356 830 1518 877 formi-

115 928 135 953 «
168 909 347 965 dantes,
372 907 593 971 quoniam
618 923 704 954 vos
730 912 980 970 protegere
1001 913 1047 954 et
1066 913 1367 955 manutenere
1387 908 1519 954 volu-

117 1005 137 1030 «
167 1001 272 1032 mus
301 990 401 1031 toto
431 1000 569 1048 posse
593 989 771 1040 nostro,
803 989 944 1047 prout
969 983 1304 1031 rationabiliter
1329 983 1519 1046 obligati

116 1080 135 1105 ι(
167 1077 327 1108 sumus
358 1067 404 1107 et
434 1066 664 1107 tenemur.
698 1063 865 1107 Datum
896 1059 1020 1122 apud
1055 1060 1327 1108 Gandavum
1358 1065 1519 1106 octava

115 1156 135 1182 <x
166 1137 242 1184 die
275 1136 448 1184 mensis
481 1136 718 1194 februarii,
754 1152 874 1182 anno
908 1135 1041 1199 regni
1072 1135 1219 1183 nostri
1250 1136 1297 1182 in
1328 1135 1518 1182 Francia

115 1233 135 1258 α
167 1214 320 1278 primo
346 1221 392 1262 et
418 1215 463 1261 in
490 1213 650 1278 Anglia
677 1218 845 1276 quarto
872 1212 1071 1259 decimo.
1108 1232 1128 1256 »

174 1292 271 1338 Hiis
288 1290 450 1338 litteris
470 1290 705 1353 pendebat
722 1290 922 1353 sigillum
940 1289 1073 1336 valde
1090 1304 1312 1353 magnum
1333 1288 1392 1336 de
1410 1303 1516 1335 cera

111 1384 292 1425 crocea,
324 1367 371 1414 in
401 1367 530 1431 cujus
562 1384 652 1415 una
683 1372 816 1430 parte
847 1372 946 1414 erat
975 1367 1201 1430 figuratus
1232 1383 1316 1413 rex
1348 1365 1516 1412 sedens

110 1444 156 1491 in
190 1449 328 1490 trono
367 1460 475 1500 suo,
514 1449 676 1490 tenens
713 1460 803 1490 una
840 1460 980 1490 manu
1018 1448 1256 1506 sceptrum
1290 1448 1336 1489 et
1373 1442 1516 1489 altera

110 1520 282 1577 lilium3
310 1520 357 1567 in
382 1520 468 1567 alia
493 1537 605 1567 vero
631 1526 782 1583 parte,
807 1520 1034 1584 figuratus
1058 1525 1157 1567 erat
1184 1519 1315 1566 miles
1341 1518 1517 1565 habens

111 1604 414 1661 cooperturas
454 1598 595 1644 armis
636 1597 824 1645 Francie
863 1603 908 1644 et
945 1597 1107 1661 Anglie
1147 1595 1433 1658 quartillatas
1471 1601 1518 1642 et

110 1674 285 1722 habens
320 1674 596 1738 leopardum
633 1679 907 1722 coronatum
943 1689 1085 1737 super
1121 1672 1349 1720 cassidem
1386 1687 1517 1719 suam

111 1750 365 1798 sedendam
393 1750 516 1814 (sic).

174 1827 240 1874 Illi
265 1843 378 1874 vero
402 1827 460 1874 de
491 1829 658 1875 Sancto
682 1827 969 1883 Audomaro,
998 1826 1198 1889 receptis
1227 1825 1409 1881 litteris,
1439 1841 1517 1872 eas

111 1903 338 1952 miserunt
375 1903 474 1968 regi
514 1904 702 1952 Francie
743 1920 850 1952 cum
891 1903 1172 1967 quibusdam
1211 1902 1311 1949 aliis
1350 1901 1516 1948 clausis

110 1980 396 2028 transmissis
421 1998 446 2027 a
470 1980 621 2028 tribus
646 1980 766 2027 villis
791 1979 1020 2028 Flandrie.

176 2057 361 2106 Mansit1
385 2058 526 2122 igitur
545 2074 629 2105 rex
644 2057 805 2122 Anglie
827 2057 1047 2105 Gandavo
1065 2072 1150 2119 per
1169 2059 1316 2102 totam
1331 2053 1516 2101 hiemen

110 2151 259 2198 usque
291 2135 350 2182 ad
381 2151 590 2183 mensem
620 2135 797 2182 marcii.
830 2138 976 2182 Porro
1005 2149 1112 2180 cum
1142 2131 1321 2196 regine,
1356 2129 1519 2177 uxoris

112 2228 211 2268 sue,
239 2217 425 2275 tempus
450 2212 737 2274 parturiendi
769 2211 975 2267 advenit,
1004 2210 1105 2273 ipsa
1132 2207 1315 2271 peperit
1340 2206 1516 2253 filium2

112 2304 252 2351 quem
272 2288 468 2336 Jacobus
489 2289 547 2335 de
564 2288 795 2335 Artevella
814 2287 872 2334 de
893 2302 1024 2334 sacro
1045 2285 1171 2332 fonte
1190 2284 1369 2341 levans,
1390 2298 1518 2330 com-

112 2370 247 2426 pater
270 2364 415 2411 factus
438 2370 508 2411 est
531 2365 629 2429 regi
654 2364 834 2429 Anglie.

178 2441 366 2488 Interim
385 2446 542 2489 autem
562 2458 669 2489 cum
690 2458 774 2488 rex
790 2440 951 2504 Anglie
971 2438 1186 2486 manebat
1206 2437 1253 2485 in
1275 2436 1513 2493 Gandavo,

163 2592 195 2627 1.
218 2591 270 2627 Ce
295 2591 388 2638 petit
415 2591 653 2638 paragraphe
681 2602 703 2626 a
732 2591 792 2627 ete
820 2590 1118 2637 completement
1145 2588 1260 2625 laissa
1281 2588 1326 2623 de
1348 2587 1432 2623 cote
1452 2597 1520 2632 par

115 2650 171 2686 les
190 2650 393 2688 Anciennes
413 2652 628 2695 chroniques
649 2651 690 2685 de
710 2650 866 2686 Flandre
881 2650 1007 2695 (Istore
1022 2653 1055 2685 et
1068 2650 1259 2693 croniques
1274 2648 1314 2682 de
1331 2646 1516 2688 mandras,

116 2713 143 2744 t.
166 2708 198 2755 Ι,
219 2720 252 2755 p.
279 2709 375 2750 379).

163 2767 198 2804 2.
220 2768 319 2804 Jean
341 2767 386 2804 de
407 2767 532 2814 Gand,
554 2767 627 2803 duc
649 2767 694 2803 de
716 2767 941 2803 [lancastre-
