<?xml version="1.0" encoding="UTF-8"?>
<!DOCTYPE html PUBLIC "-//W3C//DTD XHTML 1.0 Transitional//EN"
    "http://www.w3.org/TR/xhtml1/DTD/xhtml1-transitional.dtd">
<html xmlns="http://www.w3.org/1999/xhtml" xml:lang="en" lang="en">
 <head>
  <title>
</title>
<meta http-equiv="Content-Type" content="text/html;charset=utf-8" />
  <meta name='ocr-system' content='tesseract 3.04.00' />
  <meta name='ocr-capabilities' content='ocr_page ocr_carea ocr_par ocr_line ocrx_word'/>
</head>
<body>
  <div class='ocr_page' id='page_1' title='image "./chronographiareg02mora_0342.png"; bbox 0 0 1923 3358; ppageno 0'>
   <div class='ocr_carea' id='block_1_1' title="bbox 338 264 1740 312">
    <p class='ocr_par' dir='ltr' id='par_1_1' title="bbox 338 264 1740 312">
     <span class='ocr_line' id='line_1_1' title="bbox 338 264 1740 312; baseline -0.004 -7"><span class='ocrx_word' id='word_1_1' title='bbox 338 268 405 305; x_wconf 87' lang='grc'>330</span> <span class='ocrx_word' id='word_1_2' title='bbox 615 268 988 301; x_wconf 81' lang='lat' dir='ltr'><strong>CHRONOGRAPHIA</strong></span> <span class='ocrx_word' id='word_1_3' title='bbox 1014 267 1168 299; x_wconf 84' lang='lat' dir='ltr'><strong>REGUM</strong></span> <span class='ocrx_word' id='word_1_4' title='bbox 1192 266 1473 300; x_wconf 82' lang='lat' dir='ltr'>FRANCORUM.</span> <span class='ocrx_word' id='word_1_5' title='bbox 1636 264 1740 312; x_wconf 76' lang='grc' dir='ltr'>[13ὅῖ</span> 
     </span>
    </p>
   </div>
   <div class='ocr_carea' id='block_1_2' title="bbox 333 346 1753 1178">
    <p class='ocr_par' dir='ltr' id='par_1_2' title="bbox 336 346 1744 487">
     <span class='ocr_line' id='line_1_2' title="bbox 336 346 1744 413; baseline -0.002 -16"><span class='ocrx_word' id='word_1_6' title='bbox 336 350 415 413; x_wconf 88' lang='lat' dir='ltr'>qui</span> <span class='ocrx_word' id='word_1_7' title='bbox 442 354 554 396; x_wconf 82' lang='lat' dir='ltr'>tunc</span> <span class='ocrx_word' id='word_1_8' title='bbox 577 346 774 394; x_wconf 80' lang='lat' dir='ltr'>faciebat</span> <span class='ocrx_word' id='word_1_9' title='bbox 795 361 1016 410; x_wconf 80' lang='lat' dir='ltr'>guerram</span> <span class='ocrx_word' id='word_1_10' title='bbox 1041 349 1204 393; x_wconf 84' lang='lat' dir='ltr'>contra</span> <span class='ocrx_word' id='word_1_11' title='bbox 1230 346 1504 399; x_wconf 88' lang='lat' dir='ltr'>Johannam,</span> <span class='ocrx_word' id='word_1_12' title='bbox 1535 347 1744 411; x_wconf 82' lang='lat' dir='ltr'><strong>reginam</strong></span> 
     </span>
     <span class='ocr_line' id='line_1_3' title="bbox 337 421 1551 487; baseline -0.002 -14"><span class='ocrx_word' id='word_1_13' title='bbox 337 425 504 480; x_wconf 85' lang='lat' dir='ltr'>Sicilie,</span> <span class='ocrx_word' id='word_1_14' title='bbox 533 423 579 470; x_wconf 91' lang='lat' dir='ltr'>in</span> <span class='ocrx_word' id='word_1_15' title='bbox 599 439 746 487; x_wconf 83' lang='lat' dir='ltr'>regno</span> <span class='ocrx_word' id='word_1_16' title='bbox 769 422 870 487; x_wconf 90' lang='lat' dir='ltr'>ejus</span> <span class='ocrx_word' id='word_1_17' title='bbox 889 422 1060 470; x_wconf 87' lang='lat' dir='ltr'>Arelati</span> <span class='ocrx_word' id='word_1_18' title='bbox 1081 427 1128 469; x_wconf 90' lang='lat' dir='ltr'>et</span> <span class='ocrx_word' id='word_1_19' title='bbox 1146 428 1271 469; x_wconf 90' lang='lat' dir='ltr'>terra</span> <span class='ocrx_word' id='word_1_20' title='bbox 1291 421 1551 470; x_wconf 86' lang='lat' dir='ltr'>Provincie.</span> 
     </span>
    </p>

    <p class='ocr_par' dir='ltr' id='par_1_3' title="bbox 333 499 1753 1178">
     <span class='ocr_line' id='line_1_4' title="bbox 399 499 1748 563; baseline -0.001 -14"><span class='ocrx_word' id='word_1_21' title='bbox 399 505 533 550; x_wconf 90' lang='lat' dir='ltr'>Anno</span> <span class='ocrx_word' id='word_1_22' title='bbox 549 499 733 547; x_wconf 90' lang='lat' dir='ltr'>Domini</span> <span class='ocrx_word' id='word_1_23' title='bbox 758 499 1005 547; x_wconf 87' lang='lat' dir='ltr'>millesimo</span> <span class='ocrx_word' id='word_1_24' title='bbox 1027 506 1135 548; x_wconf 83' lang='lat' dir='ltr'><strong>CGC⁰</strong></span> <span class='ocrx_word' id='word_1_25' title='bbox 1155 504 1320 557; x_wconf 83' lang='lat' dir='ltr'><strong>LXV11⁰‚</strong></span> <span class='ocrx_word' id='word_1_26' title='bbox 1345 505 1597 563; x_wconf 85' lang='lat' dir='ltr'><strong>postquam</strong></span> <span class='ocrx_word' id='word_1_27' title='bbox 1617 499 1748 563; x_wconf 91' lang='lat' dir='ltr'>prin-</span> 
     </span>
     <span class='ocr_line' id='line_1_5' title="bbox 337 576 1749 642; baseline -0.001 -16"><span class='ocrx_word' id='word_1_28' title='bbox 337 595 448 642; x_wconf 91' lang='lat' dir='ltr'>ceps</span> <span class='ocrx_word' id='word_1_29' title='bbox 468 577 631 627; x_wconf 88' lang='lat' dir='ltr'>Wallie</span> <span class='ocrx_word' id='word_1_30' title='bbox 656 592 900 640; x_wconf 74' lang='lat' dir='ltr'><strong>regressus</strong></span> <span class='ocrx_word' id='word_1_31' title='bbox 921 582 992 624; x_wconf 90' lang='lat' dir='ltr'>est</span> <span class='ocrx_word' id='word_1_32' title='bbox 1015 576 1073 624; x_wconf 90' lang='lat' dir='ltr'>de</span> <span class='ocrx_word' id='word_1_33' title='bbox 1099 576 1338 639; x_wconf 84' lang='lat' dir='ltr'>Hispania,</span> <span class='ocrx_word' id='word_1_34' title='bbox 1361 576 1493 624; x_wconf 91' lang='lat' dir='ltr'>multi</span> <span class='ocrx_word' id='word_1_35' title='bbox 1520 576 1749 640; x_wconf 85' lang='lat' dir='ltr'>capitanei</span> 
     </span>
     <span class='ocr_line' id='line_1_6' title="bbox 336 652 1749 719; baseline -0.001 -17"><span class='ocrx_word' id='word_1_36' title='bbox 336 670 611 719; x_wconf 85' lang='lat' dir='ltr'>magnarum</span> <span class='ocrx_word' id='word_1_37' title='bbox 650 654 924 702; x_wconf 86' lang='lat' dir='ltr'>societatum</span> <span class='ocrx_word' id='word_1_38' title='bbox 966 659 1288 701; x_wconf 84' lang='lat' dir='ltr'>convenerunt</span> <span class='ocrx_word' id='word_1_39' title='bbox 1329 669 1437 700; x_wconf 92' lang='lat' dir='ltr'>cum</span> <span class='ocrx_word' id='word_1_40' title='bbox 1481 653 1654 700; x_wconf 87' lang='lat' dir='ltr'>Karolo</span> <span class='ocrx_word' id='word_1_41' title='bbox 1688 652 1749 700; x_wconf 93' lang='lat' dir='ltr'>de</span> 
     </span>
     <span class='ocr_line' id='line_1_7' title="bbox 335 729 1750 796; baseline -0.002 -17"><span class='ocrx_word' id='word_1_42' title='bbox 335 731 596 788; x_wconf 57' lang='lat' dir='ltr'>Arthesiffl,</span> <span class='ocrx_word' id='word_1_43' title='bbox 633 731 759 779; x_wconf 93' lang='lat' dir='ltr'>dono</span> <span class='ocrx_word' id='word_1_44' title='bbox 793 731 917 796; x_wconf 84' lang='lat' dir='ltr'>regis</span> <span class='ocrx_word' id='word_1_45' title='bbox 945 730 1136 778; x_wconf 87' lang='lat' dir='ltr'>Francie</span> <span class='ocrx_word' id='word_1_46' title='bbox 1169 730 1337 778; x_wconf 86' lang='lat' dir='ltr'>comite</span> <span class='ocrx_word' id='word_1_47' title='bbox 1370 729 1605 786; x_wconf 86' lang='lat' dir='ltr'>Pezenaci,</span> <span class='ocrx_word' id='word_1_48' title='bbox 1643 746 1750 794; x_wconf 84' lang='lat' dir='ltr'>ger-</span> 
     </span>
     <span class='ocr_line' id='line_1_8' title="bbox 335 805 1750 870; baseline -0.002 -14"><span class='ocrx_word' id='word_1_49' title='bbox 335 825 474 856; x_wconf 88' lang='lat' dir='ltr'>mano</span> <span class='ocrx_word' id='word_1_50' title='bbox 505 807 729 857; x_wconf 86' lang='lat' dir='ltr'>Johannis</span> <span class='ocrx_word' id='word_1_51' title='bbox 765 807 825 855; x_wconf 91' lang='lat' dir='ltr'>de</span> <span class='ocrx_word' id='word_1_52' title='bbox 860 807 1060 863; x_wconf 83' lang='lat' dir='ltr'>Artes&#39;10‚</span> <span class='ocrx_word' id='word_1_53' title='bbox 1099 806 1283 855; x_wconf 87' lang='lat' dir='ltr'>comitis</span> <span class='ocrx_word' id='word_1_54' title='bbox 1316 806 1435 870; x_wconf 85' lang='lat' dir='ltr'>Augi</span> <span class='ocrx_word' id='word_1_55' title='bbox 1470 805 1596 853; x_wconf 92' lang='lat' dir='ltr'>dono</span> <span class='ocrx_word' id='word_1_56' title='bbox 1627 805 1750 869; x_wconf 88' lang='lat' dir='ltr'>ejus-</span> 
     </span>
     <span class='ocr_line' id='line_1_9' title="bbox 334 883 1747 950; baseline -0.002 -16"><span class='ocrx_word' id='word_1_57' title='bbox 334 887 443 934; x_wconf 89' lang='lat' dir='ltr'>dem</span> <span class='ocrx_word' id='word_1_58' title='bbox 477 886 602 950; x_wconf 82' lang='lat' dir='ltr'>regis</span> <span class='ocrx_word' id='word_1_59' title='bbox 633 885 872 941; x_wconf 81' lang='lat' dir='ltr'>Johannis,</span> <span class='ocrx_word' id='word_1_60' title='bbox 909 883 1178 932; x_wconf 85' lang='lat' dir='ltr'>consobrini</span> <span class='ocrx_word' id='word_1_61' title='bbox 1204 899 1386 931; x_wconf 88' lang='lat' dir='ltr'>eorum.</span> <span class='ocrx_word' id='word_1_62' title='bbox 1418 883 1501 930; x_wconf 92' lang='lat' dir='ltr'>Hic</span> <span class='ocrx_word' id='word_1_63' title='bbox 1528 883 1747 941; x_wconf 90' lang='lat' dir='ltr'>Karolus,</span> 
     </span>
     <span class='ocr_line' id='line_1_10' title="bbox 334 959 1747 1026; baseline -0.002 -15"><span class='ocrx_word' id='word_1_64' title='bbox 334 963 610 1011; x_wconf 86' lang='lat' dir='ltr'>sustinendo</span> <span class='ocrx_word' id='word_1_65' title='bbox 636 962 906 1026; x_wconf 90' lang='lat' dir='ltr'>opinionem</span> <span class='ocrx_word' id='word_1_66' title='bbox 926 960 1119 1010; x_wconf 87' lang='lat' dir='ltr'>Roberti</span> <span class='ocrx_word' id='word_1_67' title='bbox 1145 960 1205 1008; x_wconf 92' lang='lat' dir='ltr'>de</span> <span class='ocrx_word' id='word_1_68' title='bbox 1230 960 1465 1017; x_wconf 88' lang='lat' dir='ltr'>Arthesio,</span> <span class='ocrx_word' id='word_1_69' title='bbox 1489 959 1638 1023; x_wconf 87' lang='lat' dir='ltr'>patris</span> <span class='ocrx_word' id='word_1_70' title='bbox 1658 960 1747 1017; x_wconf 92' lang='lat' dir='ltr'>sui,</span> 
     </span>
     <span class='ocr_line' id='line_1_11' title="bbox 333 1036 1753 1100; baseline -0.003 -12"><span class='ocrx_word' id='word_1_71' title='bbox 333 1040 520 1088; x_wconf 84' lang='lat' dir='ltr'>volebat</span> <span class='ocrx_word' id='word_1_72' title='bbox 557 1056 638 1087; x_wconf 92' lang='lat' dir='ltr'>eos</span> <span class='ocrx_word' id='word_1_73' title='bbox 676 1039 910 1086; x_wconf 88' lang='lat' dir='ltr'>adducere</span> <span class='ocrx_word' id='word_1_74' title='bbox 952 1037 1011 1085; x_wconf 86' lang='lat' dir='ltr'>ad</span> <span class='ocrx_word' id='word_1_75' title='bbox 1046 1036 1433 1100; x_wconf 88' lang='lat' dir='ltr'>conquerendum</span> <span class='ocrx_word' id='word_1_76' title='bbox 1474 1037 1753 1085; x_wconf 84' lang='lat' dir='ltr'>comitatum</span> 
     </span>
     <span class='ocr_line' id='line_1_12' title="bbox 333 1113 1747 1178; baseline -0.001 -15"><span class='ocrx_word' id='word_1_77' title='bbox 333 1116 578 1173; x_wconf 70' lang='lat' dir='ltr'>Arthesii23</span> <span class='ocrx_word' id='word_1_78' title='bbox 609 1115 990 1178; x_wconf 84' lang='lat' dir='ltr'>transieruntque</span> <span class='ocrx_word' id='word_1_79' title='bbox 1024 1113 1329 1162; x_wconf 90' lang='lat' dir='ltr'>debachando</span> <span class='ocrx_word' id='word_1_80' title='bbox 1361 1129 1448 1177; x_wconf 87' lang='lat' dir='ltr'>per</span> <span class='ocrx_word' id='word_1_81' title='bbox 1485 1113 1747 1171; x_wconf 88' lang='lat' dir='ltr'>Franciam,</span> 
     </span>
    </p>
   </div>
   <div class='ocr_carea' id='block_1_3' title="bbox 337 1259 1760 2841">
    <p class='ocr_par' dir='ltr' id='par_1_4' title="bbox 337 1259 1760 2489">
     <span class='ocr_line' id='line_1_13' title="bbox 385 1259 1755 1305; baseline -0.003 -5"><span class='ocrx_word' id='word_1_82' title='bbox 385 1266 417 1301; x_wconf 97' lang='grc'>1.</span> <span class='ocrx_word' id='word_1_83' title='bbox 441 1266 478 1300; x_wconf 90' lang='lat' dir='ltr'><strong>A</strong></span> <span class='ocrx_word' id='word_1_84' title='bbox 498 1265 535 1300; x_wconf 90' lang='lat' dir='ltr'>la</span> <span class='ocrx_word' id='word_1_85' title='bbox 555 1264 609 1300; x_wconf 85' lang='lat' dir='ltr'>fin</span> <span class='ocrx_word' id='word_1_86' title='bbox 628 1263 673 1299; x_wconf 90' lang='lat' dir='ltr'>de</span> <span class='ocrx_word' id='word_1_87' title='bbox 694 1263 846 1299; x_wconf 76' lang='lat' dir='ltr'>l‘annee</span> <span class='ocrx_word' id='word_1_88' title='bbox 870 1262 976 1304; x_wconf 81' lang='lat'>1367,</span> <span class='ocrx_word' id='word_1_89' title='bbox 992 1272 1080 1298; x_wconf 86' lang='lat' dir='ltr'>vers</span> <span class='ocrx_word' id='word_1_90' title='bbox 1101 1260 1135 1296; x_wconf 86' lang='lat' dir='ltr'>le</span> <span class='ocrx_word' id='word_1_91' title='bbox 1156 1260 1256 1297; x_wconf 92' lang='lat' dir='ltr'>mois</span> <span class='ocrx_word' id='word_1_92' title='bbox 1282 1259 1328 1296; x_wconf 91' lang='lat' dir='ltr'>de</span> <span class='ocrx_word' id='word_1_93' title='bbox 1350 1259 1556 1296; x_wconf 80' lang='lat' dir='ltr'>decembre</span> <span class='ocrx_word' id='word_1_94' title='bbox 1579 1260 1755 1305; x_wconf 69' lang='lat' dir='ltr'>&lt;Grandes</span> 
     </span>
     <span class='ocr_line' id='line_1_14' title="bbox 340 1319 1757 1370; baseline -0.004 -10"><span class='ocrx_word' id='word_1_95' title='bbox 340 1326 577 1370; x_wconf 78' lang='lat' dir='ltr'>Ghronz‘ques,</span> <span class='ocrx_word' id='word_1_96' title='bbox 605 1329 634 1359; x_wconf 90' lang='lat' dir='ltr'>t.</span> <span class='ocrx_word' id='word_1_97' title='bbox 660 1323 731 1369; x_wconf 85' lang='lat' dir='ltr'>VI,</span> <span class='ocrx_word' id='word_1_98' title='bbox 758 1333 795 1369; x_wconf 91' lang='lat' dir='ltr'>p.</span> <span class='ocrx_word' id='word_1_99' title='bbox 823 1321 921 1367; x_wconf 76' lang='lat'>249),</span> <span class='ocrx_word' id='word_1_100' title='bbox 950 1320 1110 1356; x_wconf 87' lang='lat' dir='ltr'>Charles</span> <span class='ocrx_word' id='word_1_101' title='bbox 1142 1319 1314 1356; x_wconf 89' lang='lat' dir='ltr'>d&#39;Artois</span> <span class='ocrx_word' id='word_1_102' title='bbox 1347 1320 1422 1367; x_wconf 90' lang='lat' dir='ltr'>prit</span> <span class='ocrx_word' id='word_1_103' title='bbox 1455 1330 1505 1356; x_wconf 90' lang='lat' dir='ltr'>en</span> <span class='ocrx_word' id='word_1_104' title='bbox 1536 1319 1625 1355; x_wconf 88' lang='lat' dir='ltr'>effet</span> <span class='ocrx_word' id='word_1_105' title='bbox 1659 1319 1681 1354; x_wconf 70' lang='lat' dir='ltr'>a</span> <span class='ocrx_word' id='word_1_106' title='bbox 1713 1330 1757 1355; x_wconf 88' lang='lat' dir='ltr'>sa</span> 
     </span>
     <span class='ocr_line' id='line_1_15' title="bbox 339 1378 1757 1429; baseline -0.005 -9"><span class='ocrx_word' id='word_1_107' title='bbox 339 1383 443 1420; x_wconf 86' lang='lat' dir='ltr'>solde</span> <span class='ocrx_word' id='word_1_108' title='bbox 470 1383 537 1419; x_wconf 88' lang='lat' dir='ltr'>des</span> <span class='ocrx_word' id='word_1_109' title='bbox 562 1382 708 1418; x_wconf 88' lang='lat' dir='ltr'>bandes</span> <span class='ocrx_word' id='word_1_110' title='bbox 734 1382 799 1429; x_wconf 88' lang='lat' dir='ltr'>qui</span> <span class='ocrx_word' id='word_1_111' title='bbox 827 1380 1054 1417; x_wconf 82' lang='lat' dir='ltr'>revenaient</span> <span class='ocrx_word' id='word_1_112' title='bbox 1083 1379 1299 1427; x_wconf 83' lang='lat' dir='ltr'>d’Espagne</span> <span class='ocrx_word' id='word_1_113' title='bbox 1324 1391 1331 1414; x_wconf 91' lang='lat'>:</span> <span class='ocrx_word' id='word_1_114' title='bbox 1355 1378 1381 1414; x_wconf 89' lang='lat' dir='ltr'>il</span> <span class='ocrx_word' id='word_1_115' title='bbox 1402 1378 1526 1426; x_wconf 83' lang='lat' dir='ltr'>parait</span> <span class='ocrx_word' id='word_1_116' title='bbox 1555 1378 1647 1425; x_wconf 85' lang='lat' dir='ltr'>qu&#39;il</span> <span class='ocrx_word' id='word_1_117' title='bbox 1673 1378 1757 1414; x_wconf 84' lang='lat' dir='ltr'>leur</span> 
     </span>
     <span class='ocr_line' id='line_1_16' title="bbox 337 1437 1755 1490; baseline -0.004 -11"><span class='ocrx_word' id='word_1_118' title='bbox 337 1454 436 1490; x_wconf 85' lang='lat' dir='ltr'>paya</span> <span class='ocrx_word' id='word_1_119' title='bbox 457 1442 588 1488; x_wconf 80' lang='lat'>40,000</span> <span class='ocrx_word' id='word_1_120' title='bbox 610 1442 739 1478; x_wconf 86' lang='lat' dir='ltr'>francs</span> <span class='ocrx_word' id='word_1_121' title='bbox 759 1440 840 1476; x_wconf 89' lang='lat' dir='ltr'>d’or</span> <span class='ocrx_word' id='word_1_122' title='bbox 860 1445 897 1476; x_wconf 93' lang='lat' dir='ltr'>et</span> <span class='ocrx_word' id='word_1_123' title='bbox 919 1439 1026 1486; x_wconf 87' lang='lat'>1,400</span> <span class='ocrx_word' id='word_1_124' title='bbox 1046 1450 1174 1476; x_wconf 82' lang='lat' dir='ltr'>maros</span> <span class='ocrx_word' id='word_1_125' title='bbox 1195 1438 1383 1486; x_wconf 84' lang='lat' dir='ltr'>d&#39;argent.</span> <span class='ocrx_word' id='word_1_126' title='bbox 1402 1437 1514 1474; x_wconf 89' lang='lat' dir='ltr'>Voici</span> <span class='ocrx_word' id='word_1_127' title='bbox 1536 1449 1590 1475; x_wconf 92' lang='lat' dir='ltr'>un</span> <span class='ocrx_word' id='word_1_128' title='bbox 1611 1437 1755 1474; x_wconf 83' lang='lat' dir='ltr'>extrait</span> 
     </span>
     <span class='ocr_line' id='line_1_17' title="bbox 340 1495 1757 1547; baseline -0.004 -10"><span class='ocrx_word' id='word_1_129' title='bbox 340 1501 469 1537; x_wconf 82' lang='lat' dir='ltr'>relatis</span> <span class='ocrx_word' id='word_1_130' title='bbox 485 1512 561 1537; x_wconf 78' lang='lat' dir='ltr'>aux</span> <span class='ocrx_word' id='word_1_131' title='bbox 586 1499 857 1547; x_wconf 83' lang='lat' dir='ltr'>depredations</span> <span class='ocrx_word' id='word_1_132' title='bbox 879 1497 1087 1534; x_wconf 87' lang='lat' dir='ltr'>commises</span> <span class='ocrx_word' id='word_1_133' title='bbox 1112 1508 1182 1544; x_wconf 89' lang='lat' dir='ltr'>par</span> <span class='ocrx_word' id='word_1_134' title='bbox 1208 1507 1271 1534; x_wconf 88' lang='lat' dir='ltr'>ces</span> <span class='ocrx_word' id='word_1_135' title='bbox 1300 1495 1550 1543; x_wconf 82' lang='lat' dir='ltr'>compagnies</span> <span class='ocrx_word' id='word_1_136' title='bbox 1579 1507 1586 1532; x_wconf 91' lang='lat'>:</span> <span class='ocrx_word' id='word_1_137' title='bbox 1618 1509 1633 1530; x_wconf 87' lang='lat'>‹</span> <span class='ocrx_word' id='word_1_138' title='bbox 1658 1495 1757 1532; x_wconf 82' lang='lat' dir='ltr'>Item</span> 
     </span>
     <span class='ocr_line' id='line_1_18' title="bbox 342 1554 1757 1608; baseline -0.003 -13"><span class='ocrx_word' id='word_1_139' title='bbox 342 1561 481 1608; x_wconf 89' lang='lat' dir='ltr'>«quod</span> <span class='ocrx_word' id='word_1_140' title='bbox 511 1566 684 1607; x_wconf 86' lang='lat' dir='ltr'>tempore</span> <span class='ocrx_word' id='word_1_141' title='bbox 718 1569 792 1606; x_wconf 87' lang='lat' dir='ltr'>quo</span> <span class='ocrx_word' id='word_1_142' title='bbox 826 1568 967 1605; x_wconf 81' lang='lat' dir='ltr'>magne</span> <span class='ocrx_word' id='word_1_143' title='bbox 998 1557 1204 1593; x_wconf 83' lang='lat' dir='ltr'>societates</span> <span class='ocrx_word' id='word_1_144' title='bbox 1231 1554 1490 1603; x_wconf 85' lang='lat' dir='ltr'>Anglicorum</span> <span class='ocrx_word' id='word_1_145' title='bbox 1519 1561 1757 1592; x_wconf 80' lang='lat' dir='ltr'>revenerunt</span> 
     </span>
     <span class='ocr_line' id='line_1_19' title="bbox 342 1613 1758 1666; baseline -0.004 -12"><span class='ocrx_word' id='word_1_146' title='bbox 342 1634 357 1654; x_wconf 93' lang='lat'>«</span> <span class='ocrx_word' id='word_1_147' title='bbox 380 1619 425 1655; x_wconf 90' lang='lat' dir='ltr'>de</span> <span class='ocrx_word' id='word_1_148' title='bbox 446 1619 647 1666; x_wconf 84' lang='lat' dir='ltr'>Hispania,</span> <span class='ocrx_word' id='word_1_149' title='bbox 668 1618 771 1654; x_wconf 88' lang='lat' dir='ltr'>idem</span> <span class='ocrx_word' id='word_1_150' title='bbox 791 1617 961 1653; x_wconf 86' lang='lat' dir='ltr'>Karolus</span> <span class='ocrx_word' id='word_1_151' title='bbox 991 1616 1147 1652; x_wconf 90' lang='lat' dir='ltr'>easdem</span> <span class='ocrx_word' id='word_1_152' title='bbox 1176 1615 1382 1652; x_wconf 80' lang='lat' dir='ltr'>societates</span> <span class='ocrx_word' id='word_1_153' title='bbox 1411 1613 1491 1650; x_wconf 90' lang='lat' dir='ltr'>suis</span> <span class='ocrx_word' id='word_1_154' title='bbox 1512 1613 1636 1650; x_wconf 89' lang='lat' dir='ltr'>vadiis</span> <span class='ocrx_word' id='word_1_155' title='bbox 1664 1613 1758 1650; x_wconf 90' lang='lat' dir='ltr'>reti-</span> 
     </span>
     <span class='ocr_line' id='line_1_20' title="bbox 342 1671 1755 1723; baseline -0.002 -13"><span class='ocrx_word' id='word_1_156' title='bbox 342 1691 357 1710; x_wconf 90' lang='lat'>«</span> <span class='ocrx_word' id='word_1_157' title='bbox 380 1677 480 1722; x_wconf 87' lang='lat' dir='ltr'>nuit,</span> <span class='ocrx_word' id='word_1_158' title='bbox 508 1676 640 1723; x_wconf 89' lang='lat' dir='ltr'>eisque</span> <span class='ocrx_word' id='word_1_159' title='bbox 661 1686 830 1722; x_wconf 68' lang='lat' dir='ltr'>⁴magnas</span> <span class='ocrx_word' id='word_1_160' title='bbox 856 1679 895 1710; x_wconf 91' lang='lat' dir='ltr'>et</span> <span class='ocrx_word' id='word_1_161' title='bbox 915 1674 1089 1711; x_wconf 88' lang='lat' dir='ltr'>diversas</span> <span class='ocrx_word' id='word_1_162' title='bbox 1109 1673 1366 1720; x_wconf 85' lang='lat' dir='ltr'>pecuniarum</span> <span class='ocrx_word' id='word_1_163' title='bbox 1388 1682 1561 1708; x_wconf 88' lang='lat' dir='ltr'>summas</span> <span class='ocrx_word' id='word_1_164' title='bbox 1582 1671 1755 1718; x_wconf 86' lang='lat' dir='ltr'>tradidit,</span> 
     </span>
     <span class='ocr_line' id='line_1_21' title="bbox 343 1731 1756 1782; baseline -0.001 -14"><span class='ocrx_word' id='word_1_165' title='bbox 343 1749 358 1769; x_wconf 95' lang='lat'>«</span> <span class='ocrx_word' id='word_1_166' title='bbox 382 1741 423 1771; x_wconf 88' lang='lat' dir='ltr'>ut</span> <span class='ocrx_word' id='word_1_167' title='bbox 450 1746 517 1782; x_wconf 91' lang='lat' dir='ltr'>pro</span> <span class='ocrx_word' id='word_1_168' title='bbox 543 1734 679 1771; x_wconf 88' lang='lat' dir='ltr'>eodem</span> <span class='ocrx_word' id='word_1_169' title='bbox 700 1744 879 1781; x_wconf 85' lang='lat' dir='ltr'>guerram</span> <span class='ocrx_word' id='word_1_170' title='bbox 901 1733 1073 1770; x_wconf 88' lang='lat' dir='ltr'>facerent</span> <span class='ocrx_word' id='word_1_171' title='bbox 1095 1738 1232 1768; x_wconf 86' lang='lat' dir='ltr'>contra</span> <span class='ocrx_word' id='word_1_172' title='bbox 1253 1731 1497 1768; x_wconf 85' lang='lat' dir='ltr'>carissimam</span> <span class='ocrx_word' id='word_1_173' title='bbox 1519 1731 1756 1778; x_wconf 84' lang='lat' dir='ltr'>consangui-</span> 
     </span>
     <span class='ocr_line' id='line_1_22' title="bbox 343 1789 1756 1836; baseline -0.002 -8"><span class='ocrx_word' id='word_1_174' title='bbox 343 1808 357 1828; x_wconf 70' lang='grc' dir='ltr'>ι(</span> <span class='ocrx_word' id='word_1_175' title='bbox 383 1805 497 1830; x_wconf 85' lang='lat' dir='ltr'>neam</span> <span class='ocrx_word' id='word_1_176' title='bbox 517 1799 691 1830; x_wconf 88' lang='lat' dir='ltr'>nostram</span> <span class='ocrx_word' id='word_1_177' title='bbox 712 1792 952 1830; x_wconf 86' lang='lat' dir='ltr'>comitissam</span> <span class='ocrx_word' id='word_1_178' title='bbox 972 1791 1168 1836; x_wconf 78' lang='lat' dir='ltr'>Fiandrie,</span> <span class='ocrx_word' id='word_1_179' title='bbox 1185 1791 1378 1826; x_wconf 88' lang='lat' dir='ltr'>subditam</span> <span class='ocrx_word' id='word_1_180' title='bbox 1399 1790 1491 1826; x_wconf 88' lang='lat' dir='ltr'>dicti</span> <span class='ocrx_word' id='word_1_181' title='bbox 1510 1789 1657 1826; x_wconf 88' lang='lat' dir='ltr'>domini</span> <span class='ocrx_word' id='word_1_182' title='bbox 1678 1790 1756 1826; x_wconf 91' lang='lat' dir='ltr'>mei</span> 
     </span>
     <span class='ocr_line' id='line_1_23' title="bbox 343 1849 1760 1900; baseline 0 -14"><span class='ocrx_word' id='word_1_183' title='bbox 343 1867 359 1887; x_wconf 94' lang='lat'>«</span> <span class='ocrx_word' id='word_1_184' title='bbox 384 1853 512 1900; x_wconf 84' lang='lat' dir='ltr'>[regis]</span> <span class='ocrx_word' id='word_1_185' title='bbox 530 1858 567 1889; x_wconf 87' lang='lat' dir='ltr'>et</span> <span class='ocrx_word' id='word_1_186' title='bbox 583 1852 666 1900; x_wconf 87' lang='lat' dir='ltr'>ejus</span> <span class='ocrx_word' id='word_1_187' title='bbox 681 1858 840 1897; x_wconf 85' lang='lat' dir='ltr'>terram,</span> <span class='ocrx_word' id='word_1_188' title='bbox 857 1861 972 1898; x_wconf 89' lang='lat' dir='ltr'>quam</span> <span class='ocrx_word' id='word_1_189' title='bbox 986 1850 1103 1886; x_wconf 91' lang='lat' dir='ltr'>habet</span> <span class='ocrx_word' id='word_1_190' title='bbox 1118 1855 1155 1886; x_wconf 90' lang='lat' dir='ltr'>et</span> <span class='ocrx_word' id='word_1_191' title='bbox 1170 1849 1336 1885; x_wconf 88' lang='lat' dir='ltr'>habehat</span> <span class='ocrx_word' id='word_1_192' title='bbox 1352 1849 1455 1885; x_wconf 89' lang='lat' dir='ltr'>infra</span> <span class='ocrx_word' id='word_1_193' title='bbox 1469 1860 1650 1896; x_wconf 82' lang='lat' dir='ltr'>regnum,</span> <span class='ocrx_word' id='word_1_194' title='bbox 1669 1849 1760 1886; x_wconf 87' lang='lat' dir='ltr'>licet</span> 
     </span>
     <span class='ocr_line' id='line_1_24' title="bbox 343 1907 1759 1955; baseline -0.001 -9"><span class='ocrx_word' id='word_1_195' title='bbox 343 1926 357 1946; x_wconf 88' lang='lat'>«</span> <span class='ocrx_word' id='word_1_196' title='bbox 382 1912 506 1949; x_wconf 86' lang='lat' dir='ltr'>eciam</span> <span class='ocrx_word' id='word_1_197' title='bbox 520 1911 646 1948; x_wconf 88' lang='lat' dir='ltr'>dictus</span> <span class='ocrx_word' id='word_1_198' title='bbox 659 1911 839 1948; x_wconf 88' lang='lat' dir='ltr'>dominus</span> <span class='ocrx_word' id='word_1_199' title='bbox 851 1920 960 1946; x_wconf 90' lang='lat' dir='ltr'>meus</span> <span class='ocrx_word' id='word_1_200' title='bbox 972 1914 1088 1954; x_wconf 90' lang='lat' dir='ltr'>esset,</span> <span class='ocrx_word' id='word_1_201' title='bbox 1105 1909 1206 1945; x_wconf 89' lang='lat' dir='ltr'>sicut</span> <span class='ocrx_word' id='word_1_202' title='bbox 1221 1919 1374 1955; x_wconf 90' lang='lat' dir='ltr'>semper</span> <span class='ocrx_word' id='word_1_203' title='bbox 1389 1908 1460 1945; x_wconf 89' lang='lat' dir='ltr'>fuit</span> <span class='ocrx_word' id='word_1_204' title='bbox 1475 1913 1513 1944; x_wconf 88' lang='lat' dir='ltr'>et</span> <span class='ocrx_word' id='word_1_205' title='bbox 1528 1914 1602 1954; x_wconf 87' lang='lat' dir='ltr'>est,</span> <span class='ocrx_word' id='word_1_206' title='bbox 1614 1907 1661 1945; x_wconf 90' lang='lat' dir='ltr'>de</span> <span class='ocrx_word' id='word_1_207' title='bbox 1678 1908 1759 1944; x_wconf 91' lang='lat' dir='ltr'>suis</span> 
     </span>
     <span class='ocr_line' id='line_1_25' title="bbox 342 1967 1758 2018; baseline -0.001 -13"><span class='ocrx_word' id='word_1_208' title='bbox 342 1985 357 2005; x_wconf 72' lang='grc' dir='ltr'>α</span> <span class='ocrx_word' id='word_1_209' title='bbox 383 1971 543 2007; x_wconf 87' lang='lat' dir='ltr'>subditis</span> <span class='ocrx_word' id='word_1_210' title='bbox 565 1970 872 2018; x_wconf 87' lang='lat' dir='ltr'>quibuscumque</span> <span class='ocrx_word' id='word_1_211' title='bbox 894 1974 1051 2016; x_wconf 83' lang='lat' dir='ltr'>paratus</span> <span class='ocrx_word' id='word_1_212' title='bbox 1072 1968 1297 2004; x_wconf 88' lang='lat' dir='ltr'>ministrare</span> <span class='ocrx_word' id='word_1_213' title='bbox 1315 1967 1472 2015; x_wconf 86' lang='lat' dir='ltr'>justicie</span> <span class='ocrx_word' id='word_1_214' title='bbox 1494 1967 1758 2015; x_wconf 89' lang='lat' dir='ltr'>complemen-</span> 
     </span>
     <span class='ocr_line' id='line_1_26' title="bbox 342 2026 1759 2075; baseline -0.001 -11"><span class='ocrx_word' id='word_1_215' title='bbox 342 2044 357 2064; x_wconf 72' lang='grc' dir='ltr'>(ι</span> <span class='ocrx_word' id='word_1_216' title='bbox 383 2035 465 2066; x_wconf 90' lang='lat' dir='ltr'>tum</span> <span class='ocrx_word' id='word_1_217' title='bbox 486 2030 611 2066; x_wconf 89' lang='lat' dir='ltr'>eidem</span> <span class='ocrx_word' id='word_1_218' title='bbox 632 2029 777 2065; x_wconf 85' lang='lat' dir='ltr'>Karolo</span> <span class='ocrx_word' id='word_1_219' title='bbox 799 2033 837 2065; x_wconf 89' lang='lat' dir='ltr'>et</span> <span class='ocrx_word' id='word_1_220' title='bbox 863 2028 948 2064; x_wconf 88' lang='lat' dir='ltr'>aliis</span> <span class='ocrx_word' id='word_1_221' title='bbox 976 2027 1302 2075; x_wconf 83' lang='lat' dir='ltr'>quibuscumque,</span> <span class='ocrx_word' id='word_1_222' title='bbox 1325 2026 1525 2074; x_wconf 84' lang='lat' dir='ltr'>dictasque</span> <span class='ocrx_word' id='word_1_223' title='bbox 1551 2026 1759 2063; x_wconf 85' lang='lat' dir='ltr'>societates</span> 
     </span>
     <span class='ocr_line' id='line_1_27' title="bbox 343 2085 1758 2137; baseline -0.001 -15"><span class='ocrx_word' id='word_1_224' title='bbox 343 2103 358 2123; x_wconf 90' lang='lat'>«</span> <span class='ocrx_word' id='word_1_225' title='bbox 380 2101 448 2137; x_wconf 87' lang='lat' dir='ltr'>per</span> <span class='ocrx_word' id='word_1_226' title='bbox 469 2099 633 2136; x_wconf 82' lang='lat' dir='ltr'>regnum</span> <span class='ocrx_word' id='word_1_227' title='bbox 653 2088 818 2124; x_wconf 87' lang='lat' dir='ltr'>Francie</span> <span class='ocrx_word' id='word_1_228' title='bbox 847 2087 935 2124; x_wconf 87' lang='lat' dir='ltr'>duci</span> <span class='ocrx_word' id='word_1_229' title='bbox 963 2087 1053 2124; x_wconf 86' lang='lat' dir='ltr'>fecit</span> <span class='ocrx_word' id='word_1_230' title='bbox 1080 2092 1117 2123; x_wconf 90' lang='lat' dir='ltr'>et</span> <span class='ocrx_word' id='word_1_231' title='bbox 1137 2085 1375 2133; x_wconf 80' lang='lat' dir='ltr'>procuravit,</span> <span class='ocrx_word' id='word_1_232' title='bbox 1397 2096 1470 2133; x_wconf 91' lang='lat' dir='ltr'>que</span> <span class='ocrx_word' id='word_1_233' title='bbox 1491 2091 1586 2122; x_wconf 90' lang='lat' dir='ltr'>tunc</span> <span class='ocrx_word' id='word_1_234' title='bbox 1606 2091 1758 2132; x_wconf 89' lang='lat' dir='ltr'>tempo-</span> 
     </span>
     <span class='ocr_line' id='line_1_28' title="bbox 342 2144 1756 2191; baseline -0.002 -8"><span class='ocrx_word' id='word_1_235' title='bbox 342 2164 358 2183; x_wconf 91' lang='lat'>«</span> <span class='ocrx_word' id='word_1_236' title='bbox 384 2149 435 2184; x_wconf 88' lang='lat' dir='ltr'>ris</span> <span class='ocrx_word' id='word_1_237' title='bbox 455 2148 565 2185; x_wconf 86' lang='lat' dir='ltr'>villas</span> <span class='ocrx_word' id='word_1_238' title='bbox 588 2147 723 2184; x_wconf 84' lang='lat' dir='ltr'>Sancti</span> <span class='ocrx_word' id='word_1_239' title='bbox 745 2146 976 2191; x_wconf 85' lang='lat' dir='ltr'>Florentini‚</span> <span class='ocrx_word' id='word_1_240' title='bbox 998 2145 1124 2182; x_wconf 87' lang='lat' dir='ltr'>Castri</span> <span class='ocrx_word' id='word_1_241' title='bbox 1146 2145 1324 2181; x_wconf 86' lang='lat' dir='ltr'>Gonterii</span> <span class='ocrx_word' id='word_1_242' title='bbox 1344 2150 1381 2181; x_wconf 92' lang='lat' dir='ltr'>et</span> <span class='ocrx_word' id='word_1_243' title='bbox 1408 2144 1539 2191; x_wconf 87' lang='lat' dir='ltr'>plures</span> <span class='ocrx_word' id='word_1_244' title='bbox 1566 2144 1662 2180; x_wconf 92' lang='lat' dir='ltr'>alias</span> <span class='ocrx_word' id='word_1_245' title='bbox 1682 2144 1756 2181; x_wconf 91' lang='lat' dir='ltr'>vil-</span> 
     </span>
     <span class='ocr_line' id='line_1_29' title="bbox 344 2204 1758 2253; baseline -0.002 -11"><span class='ocrx_word' id='word_1_246' title='bbox 344 2222 360 2242; x_wconf 88' lang='lat'>«</span> <span class='ocrx_word' id='word_1_247' title='bbox 383 2208 453 2251; x_wconf 86' lang='lat' dir='ltr'>las,</span> <span class='ocrx_word' id='word_1_248' title='bbox 476 2213 604 2244; x_wconf 85' lang='lat' dir='ltr'>castra</span> <span class='ocrx_word' id='word_1_249' title='bbox 630 2211 831 2253; x_wconf 87' lang='lat' dir='ltr'>ceperunt,</span> <span class='ocrx_word' id='word_1_250' title='bbox 853 2205 1111 2250; x_wconf 80' lang='lat' dir='ltr'>debellarunt,</span> <span class='ocrx_word' id='word_1_251' title='bbox 1133 2204 1299 2251; x_wconf 88' lang='lat' dir='ltr'>patriam</span> <span class='ocrx_word' id='word_1_252' title='bbox 1321 2208 1640 2249; x_wconf 76' lang='lat' dir='ltr'>concremarunt,</span> <span class='ocrx_word' id='word_1_253' title='bbox 1660 2214 1758 2251; x_wconf 81' lang='lat' dir='ltr'>gen-</span> 
     </span>
     <span class='ocr_line' id='line_1_30' title="bbox 344 2262 1759 2313; baseline -0.001 -13"><span class='ocrx_word' id='word_1_254' title='bbox 344 2281 360 2300; x_wconf 91' lang='lat'>«</span> <span class='ocrx_word' id='word_1_255' title='bbox 383 2272 442 2303; x_wconf 91' lang='lat' dir='ltr'>tes</span> <span class='ocrx_word' id='word_1_256' title='bbox 471 2266 718 2313; x_wconf 83' lang='lat' dir='ltr'>captivarunt</span> <span class='ocrx_word' id='word_1_257' title='bbox 745 2270 783 2302; x_wconf 87' lang='lat' dir='ltr'>et</span> <span class='ocrx_word' id='word_1_258' title='bbox 809 2264 1104 2309; x_wconf 85' lang='lat' dir='ltr'>interfecerunt,</span> <span class='ocrx_word' id='word_1_259' title='bbox 1132 2263 1317 2299; x_wconf 89' lang='lat' dir='ltr'>mulieres</span> <span class='ocrx_word' id='word_1_260' title='bbox 1341 2262 1537 2299; x_wconf 88' lang='lat' dir='ltr'>violarunt</span> <span class='ocrx_word' id='word_1_261' title='bbox 1563 2273 1608 2298; x_wconf 88' lang='lat' dir='ltr'>ac</span> <span class='ocrx_word' id='word_1_262' title='bbox 1636 2267 1692 2298; x_wconf 89' lang='lat' dir='ltr'>tot</span> <span class='ocrx_word' id='word_1_263' title='bbox 1721 2267 1759 2298; x_wconf 91' lang='lat' dir='ltr'>et</span> 
     </span>
     <span class='ocr_line' id='line_1_31' title="bbox 344 2320 1760 2369; baseline -0.001 -11"><span class='ocrx_word' id='word_1_264' title='bbox 344 2339 360 2359; x_wconf 92' lang='lat'>«</span> <span class='ocrx_word' id='word_1_265' title='bbox 383 2330 492 2362; x_wconf 87' lang='lat' dir='ltr'>tanta</span> <span class='ocrx_word' id='word_1_266' title='bbox 517 2325 632 2369; x_wconf 85' lang='lat' dir='ltr'>mala,</span> <span class='ocrx_word' id='word_1_267' title='bbox 662 2324 842 2369; x_wconf 88' lang='lat' dir='ltr'>crimina,</span> <span class='ocrx_word' id='word_1_268' title='bbox 870 2334 1056 2360; x_wconf 80' lang='lat' dir='ltr'>excessus</span> <span class='ocrx_word' id='word_1_269' title='bbox 1083 2328 1120 2358; x_wconf 89' lang='lat' dir='ltr'>et</span> <span class='ocrx_word' id='word_1_270' title='bbox 1141 2322 1283 2358; x_wconf 88' lang='lat' dir='ltr'>delicta</span> <span class='ocrx_word' id='word_1_271' title='bbox 1304 2322 1494 2367; x_wconf 84' lang='lat' dir='ltr'>fecerunt,</span> <span class='ocrx_word' id='word_1_272' title='bbox 1518 2320 1760 2358; x_wconf 89' lang='lat' dir='ltr'>comiserunt</span> 
     </span>
     <span class='ocr_line' id='line_1_32' title="bbox 345 2380 1759 2431; baseline -0.002 -12"><span class='ocrx_word' id='word_1_273' title='bbox 345 2399 361 2419; x_wconf 91' lang='lat'>«</span> <span class='ocrx_word' id='word_1_274' title='bbox 386 2390 424 2421; x_wconf 90' lang='lat' dir='ltr'>et</span> <span class='ocrx_word' id='word_1_275' title='bbox 451 2388 723 2431; x_wconf 87' lang='lat' dir='ltr'>perpetrarunt</span> <span class='ocrx_word' id='word_1_276' title='bbox 752 2382 852 2431; x_wconf 87' lang='lat' dir='ltr'>quod</span> <span class='ocrx_word' id='word_1_277' title='bbox 881 2382 926 2418; x_wconf 89' lang='lat' dir='ltr'>de</span> <span class='ocrx_word' id='word_1_278' title='bbox 956 2382 1060 2418; x_wconf 87' lang='lat' dir='ltr'>facili</span> <span class='ocrx_word' id='word_1_279' title='bbox 1090 2382 1242 2418; x_wconf 88' lang='lat' dir='ltr'>narrari</span> <span class='ocrx_word' id='word_1_280' title='bbox 1269 2381 1330 2417; x_wconf 91' lang='lat' dir='ltr'>vel</span> <span class='ocrx_word' id='word_1_281' title='bbox 1357 2380 1538 2417; x_wconf 76' lang='lat' dir='ltr'>extimari</span> <span class='ocrx_word' id='word_1_282' title='bbox 1566 2391 1644 2416; x_wconf 93' lang='lat' dir='ltr'>non</span> <span class='ocrx_word' id='word_1_283' title='bbox 1671 2390 1759 2427; x_wconf 87' lang='lat' dir='ltr'>pos-</span> 
     </span>
     <span class='ocr_line' id='line_1_33' title="bbox 346 2440 1470 2489; baseline -0.001 -12"><span class='ocrx_word' id='word_1_284' title='bbox 346 2458 362 2477; x_wconf 92' lang='lat'>«</span> <span class='ocrx_word' id='word_1_285' title='bbox 387 2447 473 2481; x_wconf 87' lang='lat' dir='ltr'>sent</span> <span class='ocrx_word' id='word_1_286' title='bbox 496 2456 511 2477; x_wconf 74' lang='lat' dir='ltr'>i»</span> <span class='ocrx_word' id='word_1_287' title='bbox 538 2442 654 2488; x_wconf 88' lang='lat' dir='ltr'>(Bibl.</span> <span class='ocrx_word' id='word_1_288' title='bbox 679 2448 776 2485; x_wconf 85' lang='lat' dir='ltr'>nat.,</span> <span class='ocrx_word' id='word_1_289' title='bbox 798 2441 908 2479; x_wconf 84' lang='lat' dir='ltr'>fonds</span> <span class='ocrx_word' id='word_1_290' title='bbox 930 2441 1052 2489; x_wconf 63' lang='lat' dir='ltr'>frange.</span> <span class='ocrx_word' id='word_1_291' title='bbox 1078 2441 1208 2487; x_wconf 78' lang='grc'>15515,</span> <span class='ocrx_word' id='word_1_292' title='bbox 1229 2440 1378 2477; x_wconf 89' lang='lat' dir='ltr'>dossier</span> <span class='ocrx_word' id='word_1_293' title='bbox 1399 2440 1470 2481; x_wconf 89' lang='grc'>63).</span> 
     </span>
    </p>

    <p class='ocr_par' dir='ltr' id='par_1_5' title="bbox 346 2498 1760 2841">
     <span class='ocr_line' id='line_1_34' title="bbox 390 2498 1760 2547; baseline -0.003 -9"><span class='ocrx_word' id='word_1_294' title='bbox 390 2502 425 2539; x_wconf 75' lang='lat'>2.</span> <span class='ocrx_word' id='word_1_295' title='bbox 448 2501 641 2538; x_wconf 86' lang='lat' dir='ltr'>Froissart</span> <span class='ocrx_word' id='word_1_296' title='bbox 662 2501 733 2542; x_wconf 78' lang='lat' dir='ltr'>(ed.</span> <span class='ocrx_word' id='word_1_297' title='bbox 757 2502 875 2546; x_wconf 84' lang='lat' dir='ltr'>Luce,</span> <span class='ocrx_word' id='word_1_298' title='bbox 897 2505 924 2537; x_wconf 92' lang='lat' dir='ltr'>t.</span> <span class='ocrx_word' id='word_1_299' title='bbox 948 2500 1039 2546; x_wconf 82' lang='lat' dir='ltr'>VII,</span> <span class='ocrx_word' id='word_1_300' title='bbox 1060 2511 1096 2547; x_wconf 89' lang='lat' dir='ltr'>p.</span> <span class='ocrx_word' id='word_1_301' title='bbox 1122 2500 1181 2541; x_wconf 83' lang='grc'>65)</span> <span class='ocrx_word' id='word_1_302' title='bbox 1209 2510 1231 2536; x_wconf 86' lang='lat' dir='ltr'>a</span> <span class='ocrx_word' id='word_1_303' title='bbox 1256 2504 1334 2536; x_wconf 86' lang='lat' dir='ltr'>tort</span> <span class='ocrx_word' id='word_1_304' title='bbox 1360 2499 1406 2535; x_wconf 92' lang='lat' dir='ltr'>de</span> <span class='ocrx_word' id='word_1_305' title='bbox 1434 2509 1485 2535; x_wconf 91' lang='lat' dir='ltr'>ne</span> <span class='ocrx_word' id='word_1_306' title='bbox 1514 2509 1583 2546; x_wconf 90' lang='lat' dir='ltr'>pas</span> <span class='ocrx_word' id='word_1_307' title='bbox 1611 2498 1760 2535; x_wconf 88' lang='lat' dir='ltr'>donner</span> 
     </span>
     <span class='ocr_line' id='line_1_35' title="bbox 346 2558 1759 2607; baseline -0.004 -9"><span class='ocrx_word' id='word_1_308' title='bbox 346 2567 446 2599; x_wconf 83' lang='lat' dir='ltr'>cette</span> <span class='ocrx_word' id='word_1_309' title='bbox 469 2559 704 2607; x_wconf 82' lang='lat' dir='ltr'>explication</span> <span class='ocrx_word' id='word_1_310' title='bbox 732 2560 776 2595; x_wconf 82' lang='lat' dir='ltr'>do</span> <span class='ocrx_word' id='word_1_311' title='bbox 797 2560 979 2607; x_wconf 87' lang='lat' dir='ltr'>l&#39;attaque</span> <span class='ocrx_word' id='word_1_312' title='bbox 1000 2559 1067 2595; x_wconf 88' lang='lat' dir='ltr'>des</span> <span class='ocrx_word' id='word_1_313' title='bbox 1088 2558 1266 2595; x_wconf 87' lang='lat' dir='ltr'>Grandes</span> <span class='ocrx_word' id='word_1_314' title='bbox 1287 2558 1546 2606; x_wconf 81' lang='lat' dir='ltr'>Compagnies</span> <span class='ocrx_word' id='word_1_315' title='bbox 1568 2563 1702 2595; x_wconf 89' lang='lat' dir='ltr'>contre</span> <span class='ocrx_word' id='word_1_316' title='bbox 1723 2558 1759 2592; x_wconf 83' lang='lat' dir='ltr'>la</span> 
     </span>
     <span class='ocr_line' id='line_1_36' title="bbox 346 2615 1758 2666; baseline -0.004 -10"><span class='ocrx_word' id='word_1_317' title='bbox 346 2621 598 2666; x_wconf 79' lang='lat' dir='ltr'>Champagne</span> <span class='ocrx_word' id='word_1_318' title='bbox 620 2623 658 2654; x_wconf 91' lang='lat' dir='ltr'>et</span> <span class='ocrx_word' id='word_1_319' title='bbox 679 2618 1011 2655; x_wconf 84' lang='lat' dir='ltr'>l&#39;Ile-de-France.</span> <span class='ocrx_word' id='word_1_320' title='bbox 1030 2618 1085 2654; x_wconf 82' lang='lat' dir='ltr'>La</span> <span class='ocrx_word' id='word_1_321' title='bbox 1107 2617 1201 2654; x_wconf 82' lang='lat' dir='ltr'>foire</span> <span class='ocrx_word' id='word_1_322' title='bbox 1223 2617 1272 2654; x_wconf 87' lang='lat' dir='ltr'>du</span> <span class='ocrx_word' id='word_1_323' title='bbox 1299 2617 1439 2653; x_wconf 86' lang='lat' dir='ltr'>Landit</span> <span class='ocrx_word' id='word_1_324' title='bbox 1459 2617 1481 2652; x_wconf 71' lang='lat' dir='ltr'>a</span> <span class='ocrx_word' id='word_1_325' title='bbox 1503 2615 1758 2653; x_wconf 82' lang='lat' dir='ltr'>Saint-Denis</span> 
     </span>
     <span class='ocr_line' id='line_1_37' title="bbox 348 2675 1759 2725; baseline -0.003 -12"><span class='ocrx_word' id='word_1_326' title='bbox 348 2679 399 2721; x_wconf 84' lang='grc'>(11</span> <span class='ocrx_word' id='word_1_327' title='bbox 424 2678 507 2725; x_wconf 88' lang='lat' dir='ltr'>juin</span> <span class='ocrx_word' id='word_1_328' title='bbox 532 2677 633 2718; x_wconf 87' lang='grc'>1368)</span> <span class='ocrx_word' id='word_1_329' title='bbox 662 2687 711 2712; x_wconf 89' lang='lat' dir='ltr'>en</span> <span class='ocrx_word' id='word_1_330' title='bbox 739 2676 795 2712; x_wconf 85' lang='lat' dir='ltr'>fut</span> <span class='ocrx_word' id='word_1_331' title='bbox 823 2691 839 2709; x_wconf 89' lang='lat'>«</span> <span class='ocrx_word' id='word_1_332' title='bbox 869 2683 992 2714; x_wconf 89' lang='lat' dir='ltr'>toutte</span> <span class='ocrx_word' id='word_1_333' title='bbox 1019 2676 1162 2724; x_wconf 88' lang='lat' dir='ltr'>perdue</span> <span class='ocrx_word' id='word_1_334' title='bbox 1187 2690 1202 2710; x_wconf 78' lang='grc'>»</span> <span class='ocrx_word' id='word_1_335' title='bbox 1228 2677 1346 2721; x_wconf 86' lang='lat' dir='ltr'>(lbid.,</span> <span class='ocrx_word' id='word_1_336' title='bbox 1376 2687 1412 2722; x_wconf 91' lang='lat' dir='ltr'>p.</span> <span class='ocrx_word' id='word_1_337' title='bbox 1441 2675 1536 2721; x_wconf 89' lang='grc'>304).</span> <span class='ocrx_word' id='word_1_338' title='bbox 1565 2675 1665 2711; x_wconf 85' lang='lat' dir='ltr'>C&#39;est</span> <span class='ocrx_word' id='word_1_339' title='bbox 1691 2685 1759 2720; x_wconf 82' lang='lat' dir='ltr'>par</span> 
     </span>
     <span class='ocr_line' id='line_1_38' title="bbox 348 2732 1759 2783; baseline -0.004 -11"><span class='ocrx_word' id='word_1_340' title='bbox 348 2746 482 2772; x_wconf 86' lang='lat' dir='ltr'>erreur</span> <span class='ocrx_word' id='word_1_341' title='bbox 502 2747 575 2783; x_wconf 85' lang='lat' dir='ltr'>que</span> <span class='ocrx_word' id='word_1_342' title='bbox 603 2736 640 2771; x_wconf 89' lang='lat' dir='ltr'>la</span> <span class='ocrx_word' id='word_1_343' title='bbox 667 2736 975 2780; x_wconf 67' lang='lat' dir='ltr'>Chromyraphia</span> <span class='ocrx_word' id='word_1_344' title='bbox 996 2736 1104 2783; x_wconf 86' lang='lat' dir='ltr'>place</span> <span class='ocrx_word' id='word_1_345' title='bbox 1125 2736 1161 2771; x_wconf 86' lang='lat' dir='ltr'>la</span> <span class='ocrx_word' id='word_1_346' title='bbox 1181 2741 1283 2772; x_wconf 87' lang='lat' dir='ltr'>mort</span> <span class='ocrx_word' id='word_1_347' title='bbox 1302 2734 1348 2772; x_wconf 92' lang='lat' dir='ltr'>de</span> <span class='ocrx_word' id='word_1_348' title='bbox 1368 2735 1528 2772; x_wconf 83' lang='lat' dir='ltr'>charles</span> <span class='ocrx_word' id='word_1_349' title='bbox 1549 2732 1716 2769; x_wconf 85' lang='lat' dir='ltr'>d&#39;Artois</span> <span class='ocrx_word' id='word_1_350' title='bbox 1737 2733 1759 2768; x_wconf 70' lang='lat' dir='ltr'>a</span> 
     </span>
     <span class='ocr_line' id='line_1_39' title="bbox 352 2795 630 2841; baseline -0.004 -10"><span class='ocrx_word' id='word_1_351' title='bbox 352 2800 453 2831; x_wconf 81' lang='lat' dir='ltr'>cette</span> <span class='ocrx_word' id='word_1_352' title='bbox 473 2795 630 2841; x_wconf 80' lang='lat' dir='ltr'>epoque.</span> 
     </span>
    </p>
   </div>
  </div>
 </body>
</html>
