1923 3358
129 289 341 335 1337-1338]
394 293 763 326 CHRONOGRAPHIA
790 294 942 326 REGUM
967 293 1244 325 FRANCORUM.
1477 289 1519 325 43

126 373 357 421 cordaret.
388 375 553 421 Comes
583 373 738 436 itaque
771 372 982 420 Flandrie
1014 372 1092 436 qui
1123 378 1233 420 tunc
1268 379 1365 420 erat
1397 372 1522 436 apud

124 450 329 507 Malam¹,
354 450 440 497 hiis
459 449 732 496 informatus
751 454 798 495 et
820 449 947 511 quod
967 465 1050 495 rex
1075 448 1236 513 Anglie
1262 448 1450 496 miserat
1476 449 1522 496 in

123 527 384 574 Flandriam
424 526 482 574 ad
517 525 814 572 attrahendas
847 525 1075 571 amicicias
1112 541 1217 572 cum
1255 525 1519 590 flamingis,

123 603 230 652 fecit
253 603 352 651 fieri
378 618 521 650 unum
550 602 892 664 parlamentum
917 601 1099 664 Brugis.
1128 604 1237 648 Post
1262 601 1392 666 cujus
1416 618 1523 665 par-

121 679 309 727 lamenti
328 680 486 735 finem,
510 676 746 724 mandavit
765 676 888 723 dicto
907 676 1037 722 militi
1058 683 1108 723 ut
1127 678 1304 725 veniret
1320 678 1379 725 ad
1395 694 1519 726 eum.

123 756 206 813 Qui
242 772 348 803 cum
383 754 609 809 venisset,
647 752 802 800 statim
843 752 1023 816 positus
1069 753 1188 817 [est]
1227 754 1273 800 in
1316 771 1518 811 carcere,

121 832 289 880 comite
315 832 401 879 sibi
421 831 604 878 dicente
629 830 715 877 hec
738 829 840 876 fieri
865 846 920 876 eo
940 829 1068 893 quod
1094 846 1142 877 se
1167 830 1524 894 interposuisset

120 926 209 973 pro
248 925 359 973 rege
392 908 552 972 Anglie
589 913 750 955 contra
787 922 947 971 regem
980 906 1193 963 Francie;
1232 907 1354 955 unde
1391 908 1523 955 miles

120 985 255 1033 valde
281 985 548 1049 pavefactus
574 985 687 1031 est2.

184 1062 518 1109 Mandaverunt
552 1067 707 1108 autem
749 1060 1076 1109 Gandavenses
1114 1060 1273 1108 comiti
1307 1060 1524 1124 quatinus

119 1139 340 1187 redderet
370 1139 436 1186 eis
462 1155 597 1186 suum
623 1138 1014 1202 comburgensem
1038 1137 1095 1185 ad
1128 1138 1460 1203 corrigendum
1486 1139 1523 1186 si

119 1216 178 1263 de
209 1216 363 1280 aliquo
396 1216 515 1263 vicio
548 1221 670 1262 esset
698 1215 978 1279 puniendus,
1012 1216 1216 1263 dicentes
1248 1216 1375 1278 quod
1406 1233 1524 1263 nun-
1592 1236 1594 1238 ’

119 1309 261 1356 quam
290 1293 410 1340 irent
436 1292 494 1339 ad
520 1292 695 1356 aliquot
726 1292 827 1355 (sie)
858 1293 1214 1356 parlamentum,
1244 1293 1331 1340 nisi
1357 1293 1523 1341 redde-

119 1376 250 1416 retur
280 1368 362 1415 eis.
399 1368 483 1426 Qui
520 1385 739 1424 renuens,
774 1368 900 1415 misit
935 1369 1179 1425 Soherum,
1212 1374 1523 1433 cognomento

119 1445 178 1493 de
198 1445 435 1501 Gandavo,
460 1445 653 1492 militem
673 1462 809 1492 suum
829 1445 1046 1502 Parisius,
1069 1446 1127 1492 ad
1149 1446 1399 1494 dicendum
1424 1446 1523 1510 regi

119 1539 276 1570 casum
296 1522 407 1569 dicti
433 1522 590 1568 militis
616 1539 624 1568 :
649 1528 694 1568 et
719 1538 804 1569 rex
830 1539 916 1585 per
941 1522 1116 1570 dictum
1143 1524 1367 1571 Soherum
1394 1539 1524 1570 man-

119 1599 247 1646 davit
272 1598 429 1645 comiti
455 1598 671 1661 quatinus
695 1597 870 1645 dictum
894 1599 1087 1646 militem
1113 1599 1159 1645 in
1185 1616 1371 1647 carcere
1396 1606 1523 1647 tene—

118 1682 208 1733 ret,
233 1692 478 1740 quousque
500 1676 693 1723 haberet
719 1676 777 1723 ab
803 1692 858 1722 eo
885 1692 1022 1723 nova.
1053 1675 1162 1723 Ideo
1185 1693 1341 1723 comes
1366 1677 1523 1740 posuit

118 1769 226 1801 eum
251 1754 297 1800 in
323 1770 510 1801 carcere
536 1754 658 1817 apud
683 1754 981 1818 Rewinghess.
1011 1756 1176 1802 Postea
1202 1754 1523 1802 conestabula-

117 1829 214 1876 rius
239 1830 429 1878 Francie
452 1830 579 1877 venit
605 1833 813 1894 Yppram
838 1836 884 1877 et
911 1830 1036 1887 inde,
1066 1846 1172 1878 cum
1198 1831 1367 1878 comite
1392 1832 1523 1878 Flan-

118 1904 243 1963 drie,
280 1906 494 1954 abierunt
528 1907 587 1954 ad
621 1907 898 1971 Rewinghe,
937 1906 1017 1954 ubi
1050 1906 1256 1955 fecerunt
1290 1907 1522 1971 amputari

168 2057 199 2092 1.
222 2056 337 2103 Male,
359 2057 523 2093 chateau
545 2057 643 2094 situe
664 2057 686 2093 a
706 2058 790 2094 l‘est
812 2058 856 2095 de
877 2059 1040 2107 Bruges.

164 2116 198 2152 ⁶2.
223 2115 358 2152 Sohier
384 2116 429 2152 de
458 2116 633 2153 Courtrai
661 2117 717 2153 fut
745 2129 793 2154 en
822 2118 910 2155 effet
941 2120 1064 2154 arrete
1093 2119 1115 2154 a
1145 2118 1294 2166 Bruges
1323 2119 1358 2155 le
1388 2120 1408 2156 6
1428 2119 1520 2166 juil-

117 2174 169 2211 let
192 2174 278 2210 1337
300 2175 446 2217 (Baron
466 2177 628 2224 Kervyn
643 2177 688 2213 de
704 2177 958 2222 Lettenhove,
980 2179 1138 2213 Histoire
1158 2179 1198 2213 de
1212 2180 1384 2222 Flandre,
1401 2184 1428 2214 t.
1444 2178 1518 2224 HI,

117 2245 153 2280 p.
177 2234 270 2279 170).
294 2234 395 2271 C'est
416 2236 438 2270 a
457 2241 533 2272 tort
550 2247 622 2283 que
639 2236 828 2272 Froissart
844 2243 1001 2273 raconte
1017 2248 1088 2283 que
1104 2237 1138 2273 le
1154 2243 1278 2274 comte
1292 2237 1338 2274 de
1353 2238 1518 2274 Flandre

119 2293 234 2328 attira
259 2293 397 2329 Sohier
425 2294 469 2329 de
499 2294 673 2331 Courtrai
702 2307 751 2331 en
776 2296 940 2332 France.
969 2295 1021 2331 Le
1050 2301 1174 2332 comte
1203 2296 1247 2332 de
1274 2296 1439 2333 Flandre
1468 2308 1518 2333 ne

118 2352 241 2399 quinta
268 2363 310 2387 sa
339 2358 440 2389 terre
468 2354 580 2400 qu’au
610 2354 726 2390 debut
752 2353 797 2390 de
821 2354 973 2390 l'annee
1000 2354 1101 2390 1339.
1123 2355 1176 2390 Le
1200 2366 1291 2392 nom
1312 2355 1357 2392 de
1379 2355 1517 2392 Sohier

118 2411 164 2447 de
181 2410 306 2457 Gand,
322 2422 390 2458 par
405 2412 530 2459 lequel
550 2413 577 2448 il
598 2413 705 2449 avisa
719 2413 754 2449 le
769 2412 824 2449 roi
839 2412 883 2447 de
899 2413 1047 2449 France
1067 2413 1112 2449 de
1132 2414 1170 2450 la
1190 2421 1347 2461 capture
1367 2414 1417 2451 du
1433 2415 1522 2452 chef

117 2469 167 2506 du
188 2470 287 2517 parti
308 2471 473 2518 anglais,
494 2472 670 2519 explique
688 2472 840 2519 jusqu‘a
855 2483 907 2507 un
923 2472 1069 2508 certain
1083 2473 1191 2520 point
1206 2485 1282 2510 une
1299 2474 1515 2511 confusion.

119 2529 194 2565 Sur
215 2529 353 2566 Sohier
372 2529 418 2567 de
438 2531 563 2577 Gand,
580 2531 662 2567 voir
682 2531 887 2577 Froissart‚
903 2531 961 2566 ed.
984 2532 1101 2578 Luce,
1116 2537 1144 2568 t.
1160 2532 1212 2579 Π,
1227 2545 1263 2580 p.
1281 2546 1359 2579 xm,
1376 2539 1464 2570 note
1480 2534 1513 2570 3.

165 2588 198 2624 3.
224 2587 388 2623 Suivant
409 2588 442 2624 le
463 2588 582 2624 baron
601 2589 762 2637 Kervyn
778 2589 824 2625 de
840 2589 1077 2627 Lettenhove
1099 2592 1272 2633 (Histoire
1286 2593 1328 2627 de
1341 2593 1511 2633 Flandre,

117 2652 145 2682 t.
167 2646 238 2691 ΙΙΙ,
260 2658 295 2693 p.
322 2647 387 2683 170
415 2652 452 2683 et
475 2647 569 2691 194),
592 2647 729 2684 Sohier
749 2648 793 2683 de
817 2647 991 2685 Courtrai
1012 2649 1067 2685 fut
1087 2650 1258 2686 enferme
1280 2661 1329 2686 au
1350 2651 1513 2686 chateau

118 2705 164 2742 de
193 2706 472 2753 Rupelmonde.
501 2706 618 2743 Notre
650 2707 859 2755 chronique
885 2707 1012 2745 donne
1038 2721 1091 2746 un
1121 2715 1230 2748 autre
1257 2721 1348 2747 nom
1376 2709 1513 2758 qu’elle

119 2765 299 2812 estropie,
322 2765 414 2802 c’est
434 2765 639 2814 Reninghe
659 2766 750 2814 qu'il
770 2767 851 2803 faut
872 2766 955 2803 lire.
