1923 3358
345 241 412 278 286
623 241 993 275 CHRONOGRAPHIA
1021 239 1173 271 REGUM
1199 239 1478 271 FRANCORUM.
1527 235 1748 282 [1359-1360

345 332 390 372 et
416 323 613 371 multum
639 337 719 367 eos
744 319 937 384 aggredi
963 318 1205 382 optabant.
1236 317 1325 365 Sed
1352 317 1504 365 dictus
1530 317 1748 366 dominus

345 400 404 447 de
443 398 637 445 Fiennes
675 395 1074 443 conestabularius
1115 400 1163 441 et
1206 410 1364 441 comes
1405 393 1559 441 Sancti
1601 395 1746 452 Pauli,

344 491 491 538 nepos
510 473 625 537 ejuS‚
649 472 724 520 illa
748 472 821 521 die
842 473 944 520 illos
964 472 1324 520 retardaverunt
1346 476 1394 518 et
1412 470 1649 518 duxerunt
1670 487 1752 518 eos

342 551 400 598 ad
422 553 642 598 Sanctum
662 549 976 608 Quintinum1.
1000 552 1143 596 Nocte
1167 565 1282 596 vero
1305 547 1536 611 sequenti,
1559 548 1752 596 Navarri

341 628 439 677 sine
465 628 588 675 bello
613 632 927 675 recesserunt.

404 705 580 754 Accidit
597 721 785 768 quoque
805 720 926 752 anno
945 703 1129 752 Domini
1148 703 1200 752 M⁰
1219 702 1326 752 CCC⁰
1345 702 1490 760 Lvm⁰‚
1517 702 1631 760 L1x⁰,
1651 702 1748 760 Lx⁰,

338 781 466 846 quod
499 782 709 838 Navarri,
738 781 969 838 Almanni,
999 780 1253 828 Normanni
1278 785 1325 827 et
1353 778 1603 844 [homines]
1634 778 1749 826 alio-

341 874 447 905 rum
482 858 741 914 nationum,
771 857 818 903 in
844 856 1002 904 multis
1027 856 1141 905 locis
1166 856 1356 904 Francie
1388 872 1473 920 per
1502 855 1747 903 societates

340 934 627 999 congregati,
650 934 747 982 fere
772 950 936 982 omnes
961 939 1120 997 partes
1146 933 1336 982 Francie
1363 933 1495 998 regni
1520 949 1612 997 que
1639 938 1750 981 sunt

340 1013 462 1060 inter
482 1015 679 1060 Seonam
701 1017 747 1059 et
769 1014 1019 1059 Somenam
1045 1010 1236 1058 flumina
1261 1016 1600 1075 oppresserunt
1627 1009 1752 1058 cedi—

339 1090 428 1138 bus
454 1095 500 1137 et
526 1089 710 1152 predis3
748 1089 1000 1153 populares
1026 1088 1151 1135 enim
1177 1087 1453 1135 occidebant
1478 1093 1558 1135 aut
1582 1103 1750 1134 eorum

339 1168 462 1215 bona
488 1166 772 1230 diripiebant
798 1183 851 1213 ac
877 1165 1181 1229 postmodum
1208 1164 1424 1213 redibant
1449 1164 1496 1212 in
1521 1164 1746 1212 fortalicia

340 1259 432 1306 que
458 1242 693 1289 habebant
718 1242 764 1288 in
791 1240 1009 1289 omnibus
1034 1240 1122 1288 illis
1148 1240 1278 1288 locis.

402 1323 494 1367 Nec
515 1319 641 1366 enim
663 1323 796 1366 erant
816 1325 925 1366 tunc
951 1317 1179 1382 temporis
1205 1317 1511 1375 deffensores‚
1535 1316 1619 1365 sed
1642 1332 1750 1364 curn

338 1398 427 1445 hoc
460 1396 664 1460 populus
694 1396 878 1461 magnis
909 1395 1046 1443 talliis
1078 1395 1327 1443 taxabatur
1357 1413 1384 1442 a
1418 1400 1628 1458 regente.
1664 1393 1752 1442 Alii

340 1474 478 1522 etiam
506 1473 683 1521 domini
715 1473 837 1521 bona
871 1489 1066 1521 suorum
1097 1471 1340 1520 hominum
1364 1471 1608 1535 rapiebant
1633 1475 1679 1518 et
1705 1470 1754 1517 in

340 1551 566 1599 fortalicia
592 1568 674 1598 sua
701 1551 939 1614 ponebant
964 1555 1011 1598 et
1035 1549 1371 1613 permittebant
1401 1548 1614 1596 homines
1640 1564 1752 1596 suos

340 1627 577 1676 molestari
607 1628 711 1691 quia
744 1628 872 1692 ipsos
904 1627 1012 1675 odio
1044 1626 1279 1674 habebant
1313 1642 1452 1674 causa
1485 1624 1752 1673 rebellionis

338 1705 622 1753 rusticorum
648 1704 707 1752 de
739 1704 1003 1752 Belvacesio
1041 1709 1204 1752 contra
1240 1702 1420 1750 nobiles
1454 1707 1502 1749 et
1530 1701 1752 1765 proprios

338 1781 571 1828 dominos.
593 1783 789 1844 Insuper
806 1781 1018 1828 homines
1038 1780 1096 1827 de
1115 1779 1236 1827 villis
1255 1779 1452 1826 firmatis
1471 1778 1617 1826 multa
1636 1778 1752 1826 ami-

339 1864 498 1905 serunt
524 1858 570 1904 in
597 1857 914 1905 destructione
939 1856 1218 1904 suburbium
1244 1872 1438 1904 suorum
1458 1861 1504 1903 et
1530 1855 1578 1902 in
1605 1856 1753 1903 refec-

339 1936 465 1983 tione
490 1951 736 1983 murorum
761 1941 808 1982 et
833 1935 1117 1982 fossatorum
1143 1949 1356 1982 suorum.
1385 1964 1390 1971 -

404 2016 505 2060 Non
531 2012 672 2060 etiam
702 2011 1038 2060 merchimonie
1071 2016 1290 2075 poterant
1319 2009 1455 2058 educi
1488 2009 1548 2058 de
1574 2009 1752 2057 fortali-

341 2160 548 2186 commune
576 2149 625 2185 du
656 2148 882 2194 Haucourt).
912 2147 984 2184 Ces
1017 2147 1117 2184 deux
1147 2147 1322 2183 localite's
1352 2150 1441 2182 sont
1469 2145 1548 2181 tres
1581 2143 1751 2180 voisines

340 2208 443 2243 l'une
465 2208 509 2243 de
531 2208 685 2250 l'autre;
707 2219 757 2244 on
779 2212 931 2254 compte
952 2208 974 2242 ἐι
989 2207 1050 2243 vol
1071 2206 1239 2242 d'oiseau
1261 2216 1338 2241 une
1352 2204 1528 2241 distance
1548 2202 1594 2239 de
1614 2203 1634 2239 9
1657 2203 1750 2239 kilo-

341 2268 484 2302 metres
515 2267 582 2302 500
612 2271 721 2302 entre
751 2266 857 2303 elles.
888 2266 1097 2312 Froissart,
1120 2276 1271 2302 comme
1300 2270 1411 2301 notre
1442 2263 1670 2310 chronique,
1701 2273 1750 2299 ne

343 2323 417 2360 cite
438 2334 510 2370 que
535 2323 734 2371 Thorigny
758 2324 827 2369 (ed.
851 2323 970 2368 Luce,
994 2329 1021 2358 t.
1047 2323 1096 2367 V,
1118 2334 1155 2370 p.
1180 2322 1273 2367 146).

390 2385 422 2418 l.
444 2383 542 2419 Jean
564 2382 609 2418 de
631 2383 799 2420 Venette
827 2383 955 2430 ajoute
982 2394 1056 2430 que
1078 2383 1113 2418 la
1142 2381 1321 2419 conduite
1343 2381 1392 2417 du
1415 2379 1646 2418 connetable
1667 2379 1749 2415 ins-

340 2441 424 2488 pira
453 2441 497 2477 de
529 2441 601 2476 vifs
631 2452 835 2490 soupcons.
868 2442 1075 2485 Froissart‚
1108 2452 1156 2476 au
1184 2440 1391 2486 contraire,
1425 2445 1583 2476 raconte
1611 2449 1686 2486 que
1716 2438 1750 2474 le

344 2500 574 2537 connctable
595 2505 632 2535 et
654 2500 687 2534 le
710 2506 835 2536 comte
850 2499 895 2536 de
918 2499 1121 2536 Saint-Pol
1136 2500 1250 2535 firent
1271 2505 1358 2536 tous
1380 2499 1483 2534 leurs
1503 2497 1634 2534 efforts
1655 2506 1751 2543 pour

343 2570 500 2607 essayer
520 2558 566 2595 de
587 2569 728 2604 couper
749 2559 784 2594 la
806 2564 914 2595 route
936 2570 1012 2595 aux
1031 2558 1241 2595 Navarrais
1263 2557 1334 2603 (ed.
1358 2558 1476 2603 Luce,
1499 2562 1526 2593 t.
1553 2555 1603 2601 V,
1622 2566 1659 2602 p.
1683 2553 1748 2590 149

342 2619 364 2653 ἐι
387 2619 481 2665 151),
504 2617 600 2653 mais
626 2627 699 2663 quc
727 2617 780 2651 les
801 2618 998 2654 habitants
1023 2617 1069 2653 de
1096 2616 1405 2661 Saint-Quentin
1428 2615 1641 2652 refuserent
1671 2623 1747 2648 aux

343 2676 529 2725 Francais
555 2675 714 2712 l'entree
740 2674 786 2709 de
816 2676 899 2711 leur
920 2676 1009 2712 ville
1034 2682 1072 2712 et
1098 2687 1166 2723 par
1194 2676 1433 2723 consequent
1461 2675 1496 2711 le
1516 2682 1676 2720 passage
1697 2670 1746 2707 du

345 2741 438 2781 pont
458 2734 504 2771 de
526 2734 831 2777 Saint-Quentin
854 2745 920 2770 sur
940 2735 976 2770 la
997 2736 1166 2770 Somme.
