1923 3358
361 277 403 314 38
629 275 997 310 CHRONOGRAPHIA
1024 274 1177 306 REGUM
1202 273 1480 306 FRANCORUM.
1651 271 1755 318 [1337

356 376 446 423 pus
479 355 806 407 Lincolniensis
839 354 969 401 vovit
1005 358 1100 402 Deo
1138 359 1182 400 et
1214 354 1287 400 avi
1322 354 1449 418 quod
1483 354 1520 401 si
1554 355 1759 419 placeret

356 437 472 500 regi,
497 435 685 483 domino
712 448 813 489 suo,
838 448 1029 479 movere
1055 447 1272 496 guerram
1294 437 1453 479 contra
1474 448 1631 496 regem
1655 433 1759 480 Phi-

355 514 557 577 lippum,
601 512 798 574 ipsemet
837 510 1013 557 litteras
1056 509 1319 556 diffidencie
1359 509 1484 556 dicto
1526 510 1754 573 Philippo,

355 603 650 653 quocumque
678 592 818 643 esset,
842 592 1051 650 portaret
1077 587 1263 633 nomine
1290 585 1466 632 domini
1493 585 1563 633 sui
1588 592 1635 633 et
1659 586 1760 633 tali-

354 672 425 712 ter
443 664 722 730 legationem
749 679 880 710 suam
901 663 1071 710 faceret
1092 662 1218 726 quod
1241 662 1410 710 amodo
1436 662 1590 710 nullus
1615 679 1760 727 prop-

354 749 425 791 ter
449 744 538 792 hoc
562 759 670 792 eum
695 743 935 806 increpare
962 748 1139 806 posset.

417 823 474 867 Et
504 819 736 867 Robertus
762 819 819 866 de
852 818 1066 866 Arthesio
1097 823 1279 866 tantum
1312 818 1456 865 suasit
1480 818 1674 866 Johanni
1701 819 1760 867 de

353 895 558 944 Hanonia
592 895 736 958 quod,
772 901 880 958 post
913 895 1070 958 plures
1102 894 1441 951 excusationes,
1472 894 1602 941 vovit
1632 894 1760 958 quod

353 975 485 1020 fieret
525 972 754 1020 soldarius
785 972 905 1019 illius
946 990 971 1018 a
1006 988 1100 1035 quo
1142 972 1289 1035 majus
1315 972 1497 1019 lucrum
1537 971 1756 1028 haberet;

354 1065 459 1096 cum
491 1054 646 1096 autem
677 1048 895 1095 deficeret
926 1047 972 1094 in
1004 1047 1329 1103 conventione,
1358 1047 1614 1094 dummodo
1645 1047 1761 1094 alter

352 1125 525 1190 largius
559 1124 644 1172 sibi
675 1125 894 1180 solveret,
924 1124 1075 1171 eidem
1106 1123 1305 1170 fideliter
1334 1124 1532 1170 serviret
1561 1141 1570 1170 :
1603 1123 1762 1171 dicens

354 1203 480 1266 quod
513 1202 632 1266 gallo
666 1207 872 1248 rostrum
899 1200 1098 1248 vertenti
1130 1207 1291 1247 contra
1318 1207 1510 1248 ventum
1536 1200 1762 1248 assimila-

353 1285 499 1335 retur,
524 1295 578 1325 eo
599 1277 726 1340 quod
752 1294 858 1324 cum
884 1277 960 1324 illo
988 1294 1036 1324 se
1062 1283 1243 1324 teneret
1268 1295 1294 1324 a
1314 1294 1408 1340 quo
1430 1277 1649 1340 pecunias
1670 1278 1762 1324 lar-

351 1352 454 1415 gius
486 1352 731 1414 acciperet.
777 1350 951 1407 Quibus
982 1350 1117 1397 dictis
1154 1350 1332 1414 Anglici
1366 1355 1569 1397 astantes
1605 1350 1761 1398 ridere

353 1434 593 1491 ceperunt,
619 1427 677 1474 de
700 1427 788 1474 hoc
810 1433 921 1474 voto
940 1427 1139 1475 invicem
1162 1427 1538 1484 confabulantes;
1560 1443 1761 1490 cumque

352 1505 640 1552 surexissent
666 1522 691 1552 a
718 1521 877 1552 mensa
903 1511 948 1552 et
975 1521 1182 1551 cameras
1208 1505 1406 1568 ingressi
1432 1512 1604 1562 essent,
1634 1504 1758 1552 idem

351 1583 581 1631 Johannes
602 1588 809 1630 retentus
832 1589 902 1630 est
921 1600 947 1629 a
971 1599 1081 1647 rege
1107 1582 1392 1639 Edowardo‚
1416 1582 1494 1645 qui
1521 1583 1761 1647 assignans

352 1659 393 1706 ei
408 1675 607 1706 annuam
630 1659 919 1722 pensionem,
945 1660 1102 1707 statuit
1122 1676 1230 1707 eum
1251 1659 1572 1706 marescallum
1591 1675 1759 1724 guerre

351 1737 611 1800 proposite.

415 1812 718 1860 Postmodum
755 1830 870 1861 vero
905 1813 1056 1861 littere
1094 1813 1357 1861 diffidencie
1395 1829 1480 1876 per
1516 1813 1760 1862 consilium

352 1890 524 1954 scripte
563 1897 670 1938 sunt
712 1896 758 1937 et
801 1890 970 1938 tradite
1016 1891 1238 1954 episcopo
1282 1890 1586 1938 Lincolniensi
1627 1908 1636 1937 ε
1680 1891 1759 1955 qui

350 1966 547 2013 libenter
582 1983 660 2014 eas
695 1966 976 2030 suscipiens,
1022 1984 1108 2030 pro
1147 1967 1218 2014 sui
1254 1967 1350 2014 voti
1392 1967 1754 2030 complemento,

352 2043 478 2089 venit
513 2043 739 2098 Doffras¹,
778 2043 855 2090 ubi
891 2060 1020 2091 mare
1056 2044 1273 2100 intravit;
1312 2049 1357 2090 et
1394 2043 1500 2090 inde
1535 2043 1759 2107 navigans

351 2118 476 2181 apud
501 2118 724 2175 Scluzam,
754 2126 882 2166 recto
905 2120 1090 2167 tramite
1123 2120 1247 2167 venit
1279 2119 1496 2176 Parisius,
1526 2119 1606 2166 ubi
1637 2119 1759 2166 loca-

352 2200 427 2240 tus
458 2194 504 2240 in
531 2195 734 2256 quodam
764 2197 990 2260 hospicio,
1021 2197 1168 2245 induit
1193 2214 1241 2244 se
1268 2196 1409 2243 modo
1435 2196 1686 2260 prelatorio
1712 2201 1759 2243 ct

352 2286 458 2317 cum
489 2287 681 2317 suorum
712 2273 928 2320 comitiva
959 2273 1169 2337 perrexit
1200 2273 1257 2320 ad
1290 2273 1536 2337 palacium,
1566 2273 1646 2320 ubi
1672 2289 1757 2319 rex

354 2352 469 2400 erat,
501 2363 640 2408 quem
666 2349 861 2396 multum
888 2350 1074 2397 tedebat
1106 2367 1243 2397 causa
1273 2350 1595 2414 impedimenti
1619 2349 1758 2414 viagii

352 2423 668 2480 transmarini,
697 2441 755 2470 cx
781 2443 948 2490 guerra
980 2427 1161 2490 incepta
1188 2427 1309 2474 inter
1338 2427 1494 2491 ipsum
1525 2433 1572 2474 et
1596 2442 1757 2491 regem

354 2498 558 2562 Anglie2.

404 2634 435 2668 1.
460 2631 646 2668 Douvres.

404 2690 436 2725 ²2.
461 2691 513 2726 Lc
534 2696 636 2726 texte
658 2690 702 2727 de
724 2691 927 2738 Froissart,
951 2694 1127 2741 imprime
1148 2706 1216 2742 par
1231 2695 1264 2731 le
1278 2695 1399 2732 baron
1415 2695 1575 2742 Kervyn
1595 2693 1640 2729 de
1662 2693 1751 2729 Let-

360 2750 546 2795 tenhovc‚
571 2750 676 2796 place
704 2750 737 2786 lc
764 2750 835 2786 defi
860 2751 1013 2788 adress&
1042 2753 1064 2787 52
1091 2753 1263 2800 philippe
1284 2753 1340 2789 VI
1367 2753 1412 2790 de
1434 2753 1566 2790 Valois
1591 2753 1614 2789 ὁ.
1636 2766 1652 2787 «
1676 2763 1752 2790 une
