1923 3358
199 258 303 304 1328]
471 262 844 296 CHRONOGRAPHIA
871 264 1023 296 REGUM
1048 263 1325 297 FRANOORUM.
1580 267 1599 301 7

261 340 485 404 Flamingi
531 347 712 397 autem,
762 341 1111 389 considerantes
1152 343 1472 398 marescallos,
1521 346 1600 407 qui

195 433 356 464 curam
395 417 629 464 exercitus
668 418 792 481 regis
830 418 1084 475 habebant,
1124 418 1322 465 multum
1357 419 1598 483 fatigatos1

196 493 456 556 militesque
488 493 699 540 ludentes
730 494 788 540 ad
821 493 1003 539 taxillos
1035 499 1081 540 et
1114 494 1241 557 quod
1276 511 1360 542 rex
1397 503 1519 543 esset
1554 497 1601 543 in

196 569 397 616 tentorio
441 584 525 615 suo
574 585 680 615 cum
721 568 820 631 ejus
860 568 1048 615 consilio
1091 570 1149 616 ad
1190 570 1501 619 ordinandum
1543 572 1601 619 de

196 662 364 710 guerra
388 661 485 701 sua,
510 644 846 691 ordinaverunt
871 650 966 691 tres
985 661 1173 708 grossas
1199 647 1320 695 acies
1345 653 1391 695 et
1410 648 1602 696 descen-

196 723 365 770 derunt
394 722 454 769 de
483 726 641 768 monte
676 737 780 768 cum
813 721 993 784 magnis
1024 721 1257 784 passibus,
1291 724 1405 771 hora
1434 741 1602 789 vespe-

194 814 353 845 rarum
380 797 556 860 absque
584 797 786 844 clamore
812 798 884 844 vel
909 798 1135 855 tumultu;
1165 815 1364 862 cumque
1390 801 1603 864 percipe-

193 879 355 922 rentur
375 892 401 921 a
420 874 717 930 marescallis,
739 874 829 937 ipsi
846 891 953 921 cum
969 875 1234 922 hominibus
1255 876 1367 932 suis,
1390 878 1602 925 nundum

193 952 411 1008 inermes,
435 951 737 998 ascendentes
763 967 906 1013 super
926 968 1089 1014 equos,
1114 959 1419 1000 cucurrerunt
1438 959 1601 1002 contra

192 1027 401 1074 inimicos
432 1045 440 1073 :
472 1043 590 1090 quos
615 1026 839 1090 Flamingi
866 1027 1221 1090 prospicientes,
1249 1028 1487 1077 modicum
1509 1036 1602 1077 ste-

193 1109 366 1161 terunt,
402 1104 485 1152 sed
511 1103 723 1151 videntes
749 1120 913 1151 eorum
939 1104 1236 1167 paucitatem,
1265 1105 1387 1152 ultra
1417 1106 1602 1170 gradie-

193 1181 379 1227 bantur.

256 1257 479 1305 Dominus
500 1273 687 1321 quoque
713 1257 946 1305 Robertus
967 1258 1025 1306 de
1050 1258 1264 1306 Flandria
1296 1259 1453 1307 statim
1473 1261 1601 1307 venit

192 1350 299 1381 cum
318 1334 615 1381 marescallis.
637 1337 784 1391 Quem
803 1335 1014 1382 videntes
1032 1336 1272 1400 Flamingi‚
1293 1353 1455 1385 omnes
1475 1354 1601 1384 ares-

191 1417 410 1458 taverunt
429 1417 473 1457 et
495 1411 827 1473 disposuerunt
846 1411 966 1458 acies
992 1428 1114 1459 suas.
1139 1416 1239 1460 Jam
1265 1413 1391 1460 enim
1413 1420 1598 1461 tantum

191 1487 400 1534 fecerunt
439 1487 565 1549 quod
607 1493 740 1534 erant
777 1487 835 1534 ad
874 1489 991 1535 duos
1030 1494 1206 1536 tractus
1243 1489 1406 1537 baliste
1450 1507 1600 1554 prope

190 1580 373 1628 regem3
398 1563 481 1610 sed
502 1563 563 1610 ob
587 1580 752 1610 eorum
778 1564 1041 1621 stationem,
1067 1581 1229 1612 omne-s
1257 1566 1434 1614 nobiles
1458 1570 1601 1614 Fran-

190 1657 352 1688 corum
383 1641 548 1688 armati
574 1646 681 1687 sunt
711 1657 764 1687 ac
794 1641 1033 1704 dispositis
1063 1642 1250 1689 aciebus
1282 1644 1458 1707 egressi
1491 1650 1600 1690 sunt

191 1723 351 1765 contra
398 1717 661 1782 Flamingos
704 1734 757 1764 ac
799 1717 1041 1765 irruerunt
1082 1718 1127 1765 in
1172 1735 1270 1765 eos.
1312 1719 1400 1767 Vix
1443 1726 1600 1767 autem

191 1800 443 1858 potuerunt
460 1811 541 1841 eos
560 1794 717 1842 ledere
731 1794 842 1857 quin
862 1794 991 1858 prius
1008 1795 1206 1842 multum
1222 1796 1595 1844 vulnerarentur.

254 1871 443 1918 Interiln
469 1877 641 1927 autem,
667 1887 774 1918 cum
798 1870 1022 1935 Flamingi
1043 1872 1257 1919 venirent
1276 1879 1439 1919 contra
1465 1890 1600 1920 exer-

190 1948 331 1995 citum
349 1948 490 2012 regis,
510 1964 593 1995 rex
613 1965 706 1995 non
726 1947 926 1996 habebat
948 1965 1107 1996 secum
1124 1949 1211 1996 nisi
1228 1948 1346 1996 duos
1366 1953 1390 1997 J
1394 1950 1599 1997 acobitas

191 2032 238 2073 et
256 2025 535 2072 camerarios
557 2026 709 2072 suos2.
734 2029 971 2075 Venerunt
991 2042 1105 2090 ergo
1131 2026 1190 2073 ad
1216 2042 1324 2073 eum
1349 2027 1420 2074 sui
1446 2043 1597 2075 arma-

191 2107 317 2150 tores
342 2108 388 2149 et
412 2107 672 2165 posuerunt
697 2118 804 2149 eum
830 2118 972 2166 supra
998 2101 1305 2159 dextrarium,
1336 2102 1432 2150 suis
1457 2103 1599 2151 armis

191 2179 411 2226 velatum.
436 2179 645 2226 Habebat
666 2195 867 2241 namque
888 2195 972 2225 rex
993 2178 1274 2225 turniculum
1295 2179 1436 2227 armis
1456 2182 1599 2227 Fran-

192 2256 260 2303 cie
285 2256 519 2319 depictum
546 2262 592 2303 et
616 2272 763 2303 unum
790 2255 1087 2302 bachinetum
1112 2255 1239 2302 corio
1265 2256 1488 2303 velatum.

256 2331 327 2379 Ad
347 2332 560 2379 dextram
586 2331 684 2395 ejus
704 2337 803 2378 erat
828 2335 1064 2378 Fastratus
1085 2329 1143 2377 de
1165 2330 1356 2395 Linghe,
1381 2331 1598 2380 dominus

193 2407 341 2457 Guido
380 2407 438 2454 de
470 2410 698 2471 Beaussay
734 2414 779 2455 et
812 2407 1029 2454 dominus
1061 2406 1292 2455 ,Iohannes
1323 2408 1381 2455 de
1417 2411 1598 2472 Crepoy

196 2485 327 2549 (sic);
362 2484 420 2532 ad
453 2484 687 2532 sinistram
716 2485 815 2549 ejus
847 2489 945 2531 erat
971 2483 1188 2532 dominus
1215 2485 1513 2533 Troullardus
1538 2485 1597 2533 de

242 2615 277 2650 1.
297 2614 330 2649 Il
350 2613 443 2650 etait
464 2613 486 2649 ἐι
505 2624 578 2660 peu
598 2615 685 2660 pres
705 2614 799 2650 trois
818 2614 957 2649 heures
977 2613 1022 2650 de
1043 2614 1310 2660 l'apres-midi.

242 2674 277 2709 2.
300 2673 352 2709 Le
374 2673 646 2709 continuateur
666 2673 712 2708 de
733 2672 951 2708 Guillaume
971 2672 1016 2709 de
1037 2673 1184 2720 Nangis
1207 2678 1245 2718 (t.
1267 2673 1300 2719 Ι,
1318 2684 1353 2719 p.
1371 2672 1426 2718 97)
1449 2673 1502 2709 dit
1523 2685 1596 2721 que

197 2733 230 2769 le
253 2733 308 2769 roi
329 2733 431 2769 avait
452 2733 588 2779 aupres
610 2732 655 2768 de
676 2732 728 2768 lui
750 2743 819 2768 son
840 2732 1077 2779 confesseur,
1097 2744 1150 2769 un
1172 2732 1432 2769 Dominicain.
