1923 3358
146 283 249 330 1358]
417 286 788 319 CHRONOGRAPHIA
815 287 968 320 REGUM
993 286 1272 320 FRANGORUM.
1483 286 1550 322 277

144 366 207 413 ita
233 366 360 428 quod
385 365 671 414 Parisienses
697 367 869 414 multos
901 383 959 414 ex
985 367 1051 414 eis
1078 366 1347 414 occiderunt
1379 373 1425 414 et
1455 367 1552 415 fere

143 442 271 507 xxxij
319 443 377 490 de
425 443 732 491 nobilioribus
773 443 1044 507 ceperunt¹.
1088 443 1357 507 Prepositus
1395 449 1552 492 autem

143 525 459 567 mercatorum
485 526 665 567 tantum
692 520 799 568 fecit
824 537 930 568 cum
957 520 1294 568 parisiensibus
1318 521 1444 583 quod
1473 538 1553 570 eos

141 596 228 644 sibi
253 596 549 644 tradiderunt
573 602 621 643 et
647 613 728 643 eos
756 597 1019 644 cauthelose
1046 597 1153 644 fecit
1172 597 1343 645 includi
1363 598 1409 645 in
1430 602 1552 663 Lup-

141 690 271 737 para‚
301 673 461 720 dicens
487 672 614 735 quod
641 673 774 719 multi
802 673 982 721 nobiles
1008 673 1066 722 de
1099 674 1289 722 Francia
1316 676 1394 738 qui
1421 681 1554 723 erant

140 751 186 797 in
211 750 393 814 Anglia‚
424 749 770 797 redimerentur
791 766 879 813 pro
900 749 988 797 illis
1006 769 1016 807 ;
1047 750 1147 813 ipse
1165 756 1320 798 autem
1338 752 1396 799 de
1417 757 1552 800 nocte

140 825 358 874 liberavit
396 826 502 873 eos²
547 842 632 889 per
675 826 976 874 castellanum
1016 827 1076 874 de
1116 831 1315 891 Lupara,
1351 829 1429 891 qui
1465 829 1550 877 sibi

139 902 375 950 federatus
411 907 511 948 erat
543 907 589 948 et
624 901 825 949 traditor
860 902 1051 949 domino
1087 919 1189 949 suo.
1225 903 1400 968 Anglici
1438 921 1552 952 vero

139 979 337 1035 liberati,
369 978 655 1026 confederati
681 984 789 1026 sunt
814 979 914 1026 aliis
934 985 980 1026 et
1006 979 1220 1027 abierunt
1246 981 1305 1028 ad
1332 983 1551 1030 Sanctum

140 1055 461 1112 Clodoaldum,
491 1056 648 1103 villam
673 1062 898 1120 ceperunt
923 1062 970 1103 et
995 1056 1239 1120 depredati
1265 1064 1391 1106 sunt.

203 1132 268 1180 Illi
299 1148 487 1195 quoque
514 1132 572 1179 de
598 1132 705 1179 villa
731 1132 933 1180 Parisius
964 1133 1206 1196 conquesti
1240 1140 1347 1181 sunt
1377 1150 1552 1198 prepo-

137 1210 228 1258 sito
263 1214 597 1266 mercatorum,
634 1208 843 1257 dicentes
878 1210 1005 1273 quod
1037 1210 1208 1257 vellent
1239 1211 1367 1258 exire
1409 1227 1552 1274 super

136 1287 370 1351 Anglicos,
399 1304 423 1334 a
451 1303 544 1349 quo
576 1287 842 1335 habuerunt
871 1304 1153 1351 responsum
1187 1289 1313 1351 quod
1351 1305 1458 1336 cum
1484 1289 1551 1336 eis

138 1364 314 1420 exiret3
347 1363 456 1411 fecit
486 1380 601 1428 ergo
631 1364 802 1410 armari
827 1364 999 1411 multos
1026 1365 1238 1412 homines
1265 1370 1311 1412 et
1337 1365 1551 1413 exierunt

137 1442 184 1489 in
205 1442 450 1505 campum3
477 1459 485 1487 ε
512 1441 570 1488 ad
598 1458 717 1505 quos
734 1458 818 1488 rex
841 1444 1045 1489 Navarre
1065 1442 1124 1489 de
1150 1444 1318 1489 Sancto
1344 1442 1549 1489 Dionisio

137 1519 264 1566 venit
281 1523 474 1583 rogatus
492 1518 550 1565 ab
571 1518 654 1566 eis.
679 1521 805 1566 Tunc
825 1536 874 1566 se
895 1519 1246 1577 ordinaverunt,
1269 1520 1401 1567 multi
1420 1520 1550 1583 pedi-

135 1602 207 1644 tes
233 1601 577 1659 precesserunt,
612 1595 856 1643 credentes
885 1602 1067 1644 ceteros
1094 1597 1252 1644 venire
1284 1603 1394 1660 post
1429 1614 1478 1644 se
1504 1602 1550 1644 et

136 1672 351 1721 abierunt
385 1689 535 1736 usque
570 1672 629 1720 ad
665 1689 831 1721 nemus
866 1673 1017 1721 Sancti
1048 1673 1285 1722 Clodoaldi
1310 1674 1391 1722 ubi
1417 1680 1550 1722 erant

183 1826 215 1860 1.
240 1824 346 1861 Cette
386 1825 539 1861 emente
578 1830 713 1861 contre
746 1825 802 1861 les
835 1824 1001 1872 Anglais
1037 1826 1195 1862 amenes
1233 1837 1302 1873 par
1335 1827 1369 1863 16
1409 1826 1465 1862 roi
1503 1826 1548 1863 de

135 1884 311 1920 Navarre
337 1889 403 1920 eut
424 1884 501 1920 lieu
522 1884 558 1920 16
584 1884 624 1920 21
646 1884 773 1931 juillet
797 1899 813 1919 «
836 1896 948 1932 apres
975 1885 1126 1928 disner;
1152 1899 1168 1919 »
1198 1886 1253 1922 les
1281 1886 1479 1922 Parisiens
1509 1898 1548 1922 se

134 1942 375 1990 plaignaient
395 1954 484 1990 que,
499 1943 646 1990 malgre
662 1944 696 1980 le
712 1944 805 1990 pret
817 1945 882 1990 qui
898 1944 982 1980 leur
1002 1945 1095 1980 etait
1111 1944 1414 1991 regulierement
1435 1946 1546 1992 paye‚

137 2013 202 2039 ces
224 2013 318 2050 gens
333 2001 512 2047 d’armeS,
529 2002 634 2049 loges
656 2003 677 2038 ἐι
693 2002 945 2039 Saint-Denis
966 2009 1004 2039 et
1018 2003 1040 2038 a
1063 2003 1329 2047 Saint—Cloud‚
1346 2004 1548 2050 pillassent

137 2067 233 2098 tout.
256 2061 289 2097 Il
309 2060 433 2108 parait
454 2060 571 2108 qu’on
591 2071 640 2096 en
666 2067 733 2097 tua
754 2061 909 2098 d’abord
933 2062 1195 2109 vingt-quatre
1224 2062 1402 2106 environ,
1432 2062 1547 2110 qu’on

137 2131 186 2157 en
215 2120 290 2167 prit
317 2125 613 2167 quarante-sept
642 2133 657 2153 α
688 2120 753 2156 (165
782 2120 868 2166 plus
897 2120 1086 2166 notables‚
1113 2134 1127 2154 ι)
1156 2126 1194 2156 et
1222 2121 1308 2167 plus
1337 2121 1382 2156 de
1412 2113 1559 2168 quatre

139 2183 249 2215 cents
278 2182 421 2214 autres,
453 2177 556 2213 Tous
583 2177 713 2214 furent
742 2178 936 2214 enfermes
968 2189 1018 2214 au
1047 2179 1200 2215 Louvre
1230 2180 1404 2223 (Grandes
1432 2180 1547 2215 Chro-

136 2240 277 2283 m'ques,
300 2242 328 2272 t.
351 2236 421 2282 VI,
442 2248 478 2284 p.
504 2237 597 2283 128).

182 2297 217 2333 2.
239 2296 303 2332 Au
332 2296 537 2343 contraire,
566 2297 622 2333 les
649 2298 812 2335 Grandes
841 2298 1065 2342 Glzronz'ques
1088 2299 1127 2340 (t.
1151 2297 1220 2343 VI,
1250 2308 1287 2344 p.
1314 2297 1391 2341 130)
1420 2297 1546 2334 disent

136 2366 209 2403 que
232 2356 287 2392 les
307 2355 548 2402 prisonniers
570 2356 715 2392 etaient
736 2367 877 2393 encore
899 2368 947 2392 au
969 2356 1121 2392 Louvre
1137 2357 1247 2403 apres
1269 2356 1305 2392 la
1319 2356 1458 2393 defaite
1479 2357 1546 2393 des

136 2414 336 2450 Parisiens
362 2416 450 2461 pres
477 2414 522 2451 de
545 2414 813 2460 Saint-Cloud,
837 2421 874 2451 et
902 2425 974 2462 que
996 2415 1029 2451 16
1057 2415 1192 2461 pre'vot
1217 2414 1283 2451 des
1309 2415 1545 2452 marchands

135 2483 185 2508 ne
206 2472 262 2508 165
277 2471 422 2508 delivra
442 2483 515 2519 que
537 2472 569 2508 le
585 2473 628 2509 27
647 2473 788 2519 juillet,
805 2485 854 2509 en
875 2473 980 2520 pleiu
997 2472 1097 2519 jour.
1121 2473 1174 2508 Le
1194 2473 1322 2510 meme
1343 2480 1447 2510 texte
1463 2476 1545 2521 pre-

134 2530 228 2567 tend
247 2530 360 2577 qu'ils
383 2530 547 2567 allerent
573 2541 652 2567 non
673 2542 740 2578 pas
762 2531 784 2566 ἐι
812 2530 1084 2577 Saint-Cloud,
1105 2532 1203 2567 mais
1224 2532 1247 2568 a,
1273 2532 1544 2579 Saint-Denis‚

137 2595 336 2626 retrouver
354 2590 388 2626 16
411 2590 467 2626 roi
488 2590 534 2625 de
555 2590 730 2626 Navarre
754 2591 873 2634 (Ibid.‚
897 2601 933 2637 p.
959 2590 1052 2636 131).

184 2649 218 2685 3.
244 2662 259 2681 «
291 2648 338 2684 Et
367 2648 537 2685 estimoit
565 2660 615 2685 on
645 2660 717 2696 que
748 2649 775 2684 il
808 2649 988 2696 estoient‚
1017 2656 1100 2687 tant
1132 2650 1245 2687 d'une
1278 2656 1363 2697 part
1396 2662 1546 2688 comme

141 2721 155 2741 α
180 2707 342 2754 d’autre,
365 2708 528 2744 environ
550 2707 649 2744 seize
672 2719 765 2745 cens
786 2709 963 2745 hommes
983 2708 1028 2744 de
1049 2709 1186 2747 cheval
1213 2715 1251 2747 et
1270 2710 1355 2746 huit
1374 2710 1480 2746 mille
1500 2710 1545 2748 de

143 2779 158 2799 α
181 2765 241 2812 pie
265 2778 280 2800 ›
305 2766 427 2810 (ibid,
449 2777 485 2812 p.
515 2765 609 2812 129).
629 2765 895 2813 L'expedition
917 2772 981 2803 eut
1002 2766 1078 2804 lieu
1099 2767 1132 2804 le
1153 2767 1197 2804 22
1215 2767 1353 2814 juillet.
