1923 3358
349 274 415 311 332
621 275 993 308 CHRONOGRAPHIA
1021 274 1174 306 REGUM
1200 271 1479 304 FRANCORUM.
1644 268 1748 315 [1368

347 373 451 405 cum
481 354 688 403 exercitu
713 370 884 418 magno
914 353 1043 401 venit
1073 353 1119 399 in
1148 358 1323 400 terram
1355 353 1597 398 Mantuane
1621 351 1751 399 urbis

345 434 530 481 obviam
561 431 833 495 imperatori
867 429 925 478 ad
964 428 1327 478 deffendendum
1361 443 1551 492 passum
1591 433 1752 475 contra

345 528 468 567 eum,
505 510 705 573 fecitque
737 509 839 557 fieri
875 509 1066 557 serralia
1105 508 1256 573 lignea
1286 507 1333 554 in
1359 506 1554 554 modum
1586 522 1752 570 sepum

344 604 423 634 seu
457 586 665 649 palidum
696 585 931 650 lignorum
970 583 1338 649 propugnaculis
1374 582 1621 629 fortificata
1661 598 1753 645 que

342 663 564 711 tenebant
583 662 795 726 spacium
821 662 953 726 quasi
980 661 1180 710 duarum
1205 661 1460 716 leucarum,
1491 658 1570 706 ubi
1596 658 1754 722 posuit

341 740 554 787 homines
586 756 828 787 armorum
860 739 920 787 ad
953 737 1259 786 inhibendum
1292 736 1564 801 imperatori
1590 735 1754 784 introi-

341 822 440 864 tum
467 816 618 880 patrie
644 833 744 864 sue.

405 903 505 958 Quo
538 899 820 963 perveniens
856 899 1132 961 imperator,
1171 895 1359 944 obsedit
1391 895 1583 943 serralia
1609 900 1656 942 et
1689 894 1754 943 ibi

341 977 513 1025 multos
548 977 749 1025 assultus
789 975 896 1023 fecit
932 974 1014 1022 sed
1046 974 1235 1022 minime
1274 972 1522 1037 prevaluit.
1562 972 1754 1020 Interim

340 1055 560 1102 dominus
602 1054 816 1102 Barnabo
858 1058 1041 1100 tantum
1085 1051 1194 1099 fecit
1236 1051 1362 1114 apud
1405 1054 1579 1114 Papam
1624 1050 1754 1114 quod

340 1132 532 1179 indulsit
558 1132 599 1179 ei
626 1131 798 1179 dictam
824 1130 1042 1194 injuriam
1071 1128 1158 1176 sibi
1181 1128 1376 1183 factam;
1405 1126 1464 1174 de
1484 1142 1579 1190 quo
1605 1126 1754 1191 impe-

339 1216 470 1257 rator
494 1209 643 1256 tristis
667 1215 712 1255 et
739 1208 902 1256 dolens
927 1206 1123 1254 recessit
1148 1211 1195 1252 et
1219 1205 1333 1252 abiit
1360 1203 1418 1251 ad
1451 1207 1642 1267 Papam,
1672 1203 1753 1266 qui

340 1291 450 1333 tunc
474 1293 574 1333 erat
599 1289 764 1341 Rome,
789 1304 815 1332 a
842 1301 936 1348 quo
961 1282 1219 1332 honorifice
1246 1286 1492 1344 susceptus
1517 1281 1633 1328 est¹.

405 1372 531 1417 Tunc
568 1386 676 1416 cum
711 1369 915 1416 maxima
948 1366 1297 1430 solempnitate,
1339 1364 1398 1412 de
1433 1380 1574 1411 manu
1608 1366 1748 1427 Pape,

341 1451 562 1494 coronata
599 1451 669 1493 est
701 1445 995 1509 imperatrix,
1031 1444 1174 1491 tercia
1208 1458 1329 1490 uxor
1354 1441 1498 1506 ejus2.
1535 1444 1591 1488 Et
1624 1457 1753 1487 rece-

341 1522 458 1569 dens
485 1540 510 1568 a
536 1526 683 1570 Roma
709 1521 836 1568 venit
861 1521 919 1568 ad
946 1524 1177 1568 Lucanam
1211 1517 1464 1575 civitatem,
1499 1516 1579 1565 ubi
1607 1516 1753 1564 multe

341 1599 592 1646 seditiones
612 1617 637 1646 a
658 1598 838 1646 civibus
858 1598 977 1645 facte
996 1603 1104 1645 sunt
1120 1602 1283 1644 contra
1299 1611 1425 1652 eum,
1449 1595 1512 1642 ita
1529 1600 1580 1641 ut
1596 1593 1753 1642 incur-

340 1680 464 1721 reret
488 1691 710 1739 magnum
734 1675 1021 1738 periculum,
1045 1673 1237 1720 tandem
1263 1689 1378 1719 vero
1404 1672 1474 1719 sui
1501 1671 1746 1726 industria,

340 1768 432 1798 nou
453 1752 604 1798 solum
626 1767 732 1799 cum
759 1767 918 1798 amore
945 1750 1118 1798 civium
1148 1749 1231 1796 sed
1258 1755 1304 1795 et
1330 1748 1540 1795 omnium
1570 1747 1751 1795 Italico-

339 1844 444 1875 rum
462 1834 634 1876 etcum
660 1828 874 1891 plurimis
901 1826 1082 1874 diviciis
1108 1826 1382 1882 recedensss,
1412 1824 1652 1889 profectus
1678 1830 1752 1872 est

339 1905 384 1951 in
406 1910 580 1951 terram
601 1921 750 1952 suam.

404 1989 536 2034 Anno
577 1987 761 2035 Domini
797 1987 849 2035 M⁰
881 1993 987 2036 CCC⁰
1022 1985 1184 2035 valn⁰
1219 1984 1505 2033 Bertrandus
1536 1984 1595 2032 de
1631 1985 1752 2033 Glai-

339 2065 481 2128 quino
520 2064 794 2127 redemptus
832 2069 878 2111 et
915 2063 1137 2111 liberatus
1172 2080 1198 2109 a
1233 2061 1519 2126 Burdegala⁴
1548 2061 1662 2109 abiit
1691 2061 1750 2108 ad

388 2228 420 2262 1.
443 2227 551 2264 Nous
578 2238 698 2264 avons
727 2238 793 2263 sur
814 2238 856 2264 ce
883 2227 991 2274 point
1017 2227 1053 2262 la
1081 2225 1244 2262 relation
1270 2225 1360 2260 d'un
1386 2224 1533 2261 temoin
1563 2224 1747 2261 oculaire.

339 2286 587 2333 L‘empereur
608 2286 735 2323 arriva
758 2286 792 2322 le
815 2286 856 2322 17
879 2285 1035 2322 octobre
1058 2284 1147 2321 1368
1172 2284 1193 2320 a
1215 2283 1388 2329 Viterbe,
1417 2284 1465 2319 ou
1494 2282 1521 2318 il
1547 2282 1687 2330 joignit
1714 2283 1748 2319 le

339 2356 448 2393 pape.
467 2345 519 2381 Le
539 2345 584 2381 2⁶2
607 2345 657 2381 du
677 2345 804 2381 meme
825 2345 939 2391 mois,
961 2349 1047 2381 tous
1068 2344 1168 2379 deux
1190 2343 1304 2379 [irent
1325 2343 1408 2378 leur
1429 2343 1560 2378 entree
1581 2341 1604 2377 a
1626 2341 1749 2378 Rome

341 2404 512 2450 (Baluze,
537 2406 617 2439 Vz'tae
638 2406 826 2449 Paparum
846 2406 1170 2445 Avenionensium,
1195 2407 1222 2438 t.
1246 2402 1298 2444 II,
1319 2413 1355 2448 p.
1379 2402 1475 2447 771).

387 2461 421 2497 ⁶2.
446 2461 498 2498 Le
524 2460 568 2497 ‘29
596 2461 764 2507 octobre,
792 2461 1065 2509 l'imperatrice
1091 2460 1135 2496 fit
1163 2471 1232 2497 son
1259 2460 1392 2496 entre'e
1419 2472 1425 2495 :
1452 2459 1506 2495 les
1537 2458 1749 2496 cardinaux

341 2520 503 2556 alliu-ent
531 2520 567 2555 la
594 2521 779 2557 recevcir.
805 2521 855 2557 Le
879 2522 931 2557 1⁶¹·
951 2520 1175 2566 novembre,
1202 2520 1236 2555 le
1262 2529 1358 2566 pape
1379 2519 1416 2555 la
1437 2529 1636 2555 couronna
1656 2524 1693 2554 et
1715 2519 1747 2555 lc

341 2579 513 2615 cardinal
534 2578 678 2615 d'Ostie
700 2579 741 2614 fit
762 2579 816 2615 les
837 2579 1016 2616 onctions
1037 2579 1170 2624 (lbid.).

388 2639 420 2673 3.
445 2638 476 2673 Il
496 2637 620 2684 parait
640 2637 732 2684 qu'il
754 2638 919 2685 trassqua
939 2638 1006 2674 des
1027 2638 1147 2675 droits
1168 2637 1213 2674 de
1233 2637 1414 2684 l'Empire
1430 2644 1467 2673 et
1482 2636 1635 2683 remplit
1649 2635 1746 2671 ainsi

342 2706 402 2731 ses
424 2696 574 2732 coffres.

390 2755 422 2790 4.
447 2754 521 2790 Sur
543 2756 578 2790 la
601 2765 745 2803 ranqon
766 2754 811 2790 de
834 2754 1024 2791 Bertrand
1052 2755 1101 2791 du
1131 2755 1331 2801 Guesclin,
1354 2754 1436 2791 voir
1456 2753 1660 2796 Froissart,
1684 2751 1741 2787 ed,
