1923 3358
293 236 312 267 8
569 231 934 265 CHRONOGRAPHIA
961 229 1113 260 REGUM
1138 226 1414 259 FRANGORUM.
1579 223 1684 270 [1328

291 318 449 379 Sages,
484 316 724 361 Sanssetus
759 308 817 354 de
855 306 1109 370 Boussoy1,
1147 322 1200 352 ac
1230 310 1358 352 retro
1389 321 1552 352 eorum
1586 312 1687 353 erat

288 391 453 444 Strabo
479 389 536 436 de
562 387 677 441 Seri,
701 384 780 447 qui
805 382 996 446 gerebat
1020 381 1199 446 galeam
1220 386 1490 428 coronatam
1515 397 1686 428 corona

288 483 444 522 aurea,
470 464 715 511 habentem
734 460 780 506 in
800 459 870 506 sui
891 457 1156 506 summitate
1179 457 1324 504 lilium
1344 472 1555 504 aureum.
1578 459 1688 505 Pre-

288 543 480 591 cedebat
510 544 663 586 autem
689 536 906 584 dominus
933 535 1166 583 Johannes
1191 533 1249 582 de
1275 534 1578 589 Bellomonte,
1608 534 1688 597 qui

287 619 461 666 ferebat
487 620 669 663 scutum
692 619 737 660 et
762 613 966 660 lanceam
993 617 1040 658 et
1057 611 1272 659 dominus
1292 610 1396 658 Milo
1416 610 1474 657 de
1493 609 1689 657 Noieriis

288 695 491 742 existens
516 707 658 755 supra
681 706 826 737 unum
848 688 1136 736 dextrarium
1162 692 1355 750 portans
1385 686 1592 734 lanceam
1616 685 1690 733 cui

290 769 544 833 Z'oliflambe
570 767 839 815 adherebat.
867 769 923 813 Et
949 765 1013 812 sic
1039 781 1123 811 rex
1149 764 1386 828 ingressus
1411 768 1482 811 est
1508 763 1553 809 in
1583 779 1690 827 pre-

288 847 418 895 lium.

352 921 576 985 Flamingi
596 926 751 968 autem
772 925 1014 967 cernentes
1034 924 1214 965 tantum
1233 917 1378 964 robur
1403 922 1691 964 armatorum

289 1000 466 1046 irruere
502 1013 643 1061 super
667 1012 734 1052 se,
769 995 1038 1042 defecerunt
1068 995 1114 1040 in
1148 993 1326 1041 viribus
1362 993 1475 1049 suis,
1504 992 1691 1040 Francis

290 1092 370 1123 eos
409 1074 455 1122 vi
497 1089 736 1121 armorum
778 1071 1087 1119 vincentibus.
1127 1071 1317 1118 Interim
1357 1087 1494 1125 vero,
1535 1086 1692 1117 comes

289 1151 493 1199 Hanonie
530 1149 704 1212 reperit
741 1164 881 1195 unam
916 1163 1129 1209 grossam
1163 1147 1310 1194 aciem
1349 1146 1692 1210 Flamingorum

289 1244 453 1274 versus
484 1231 708 1279 montem,
745 1224 821 1287 qui
855 1224 1140 1270 intraverant
1167 1223 1211 1269 in
1238 1222 1487 1286 quamdam
1514 1223 1693 1270 clausu-

289 1319 390 1350 ram
416 1321 424 1349 :
457 1318 656 1364 cumque
687 1317 767 1347 eos
798 1300 1149 1364 aggrederetur,
1181 1299 1402 1362 nequibat
1433 1316 1513 1346 eos
1543 1316 1693 1363 oppu-

290 1396 448 1444 gnare,
479 1379 539 1426 ob
566 1393 728 1425 eorum
756 1377 876 1423 inter
899 1393 947 1424 se
973 1376 1377 1440 conjunxtionem3
1406 1375 1694 1424 descendens

290 1472 402 1519 ergo
441 1455 499 1502 de
535 1471 679 1518 equo,
724 1470 831 1501 cum
865 1470 947 1500 sua
984 1453 1173 1509 milicia,
1217 1453 1414 1516 sumptis
1453 1453 1611 1500 lancea
1649 1458 1694 1500 et

290 1538 438 1589 scuto,
462 1531 595 1578 irruit
614 1531 661 1577 in
687 1547 784 1586 eos,
805 1545 974 1577 sonora
996 1546 1109 1577 voce
1130 1530 1423 1592 proclamans
1449 1548 1457 1576 :
1482 1529 1693 1576 Hainau!

290 1608 462 1656 Deinde
502 1613 610 1670 post
651 1607 917 1671 vigorosam
954 1606 1298 1670 Flamingorum
1336 1605 1689 1662 deffencionem‚

291 1685 440 1732 dictus
460 1700 615 1731 comcs
635 1683 840 1730 Hanonie
861 1683 986 1746 ipsos
1008 1700 1310 1745 exsuperans,
1337 1683 1453 1730 cesis
1478 1683 1693 1730 omnibus

290 1761 376 1809 sibi
397 1760 763 1825 repugnantibus
784 1776 890 1807 cum
911 1760 1067 1806 Colino
1088 1759 1368 1823 Zandequin,
1391 1776 1553 1807 eorum
1571 1759 1695 1823 capi-

288 1843 447 1890 taneo,
488 1837 772 1899 obtentoque
814 1836 1006 1883 victorie
1044 1836 1305 1899 triumpho,
1347 1853 1589 1901 regressus
1625 1842 1694 1883 est

288 1931 453 1961 versus
491 1919 720 1970 montem,
763 1930 925 1960 omnes
970 1930 1088 1976 quos
1128 1914 1393 1976 reperiebat
1433 1914 1694 1978 Flamingos

290 1991 418 2055 gravi
447 1995 598 2037 morte
624 1990 877 2053 perimens.

354 2067 574 2114 Homines
593 2083 706 2115 vero
727 2067 867 2131 regis,
892 2066 1154 2130 Flamingos
1176 2074 1527 2130 persequentes,
1551 2068 1694 2115 intra-

289 2149 461 2191 verunt
484 2143 640 2189 villam
665 2143 722 2190 de
750 2144 903 2191 Cassel
929 2150 972 2191 et
1000 2144 1302 2192 incenderunt
1328 2145 1452 2192 illam
1478 2145 1606 2209 igne3
1636 2145 1693 2192 de

290 2221 421 2281 cujus
446 2219 659 2265 incendio
680 2220 830 2282 patria
856 2236 941 2283 per
966 2220 1137 2284 girum,
1168 2220 1268 2268 viso
1296 2221 1417 2284 igne,
1449 2221 1694 2284 quamplu-

292 2296 462 2343 rimum
504 2296 661 2359 gavisa
711 2303 797 2343 est.
843 2299 941 2344 Rex
985 2314 1172 2360 quoque
1219 2298 1410 2345 laudans
1452 2301 1599 2346 Deum
1649 2304 1694 2345 et

293 2371 593 2436 magnificans
628 2371 685 2418 de
722 2372 915 2419 victoria
959 2374 1044 2421 sibi
1085 2390 1331 2431 concessa,
1376 2382 1694 2438 retrogressus

344 2524 374 2559 1.
399 2524 470 2559 Lcs
498 2524 699 2558 Ancz‘ennes
728 2524 942 2568 clirom'ques
971 2527 1012 2561 cle
1042 2528 1198 2562 Flandrc
1226 2527 1348 2569 (Istorc
1376 2531 1407 2562 et
1437 2529 1627 2571 croniques
1652 2526 1693 2561 dc

294 2584 479 2625 Flandres,
503 2587 530 2618 t.
551 2581 582 2626 1,
605 2593 638 2628 p.
663 2582 740 2622 345)
764 2582 936 2619 &crivcnt
960 2598 973 2617 «
997 2585 1123 2621 Jehan
1145 2585 1188 2621 dc
1216 2585 1404 2632 Boussoy,
1428 2599 1443 2618 »
1467 2584 1593 2621 tandis
1620 2594 1691 2631 que

296 2642 350 2677 los
371 2642 529 2678 Grandes
557 2642 779 2685 Chroniques
809 2647 846 2685 (t.
873 2641 919 2686 V,
942 2654 975 2689 p.
999 2644 1077 2689 317)
1107 2644 1158 2680 lui
1185 2644 1377 2691 donneut,
1405 2655 1554 2681 comme
1583 2650 1690 2679 notre

296 2699 520 2746 chronique,
541 2699 575 2735 le
595 2699 754 2746 pronom
775 2698 821 2734 de
843 2700 1008 2737 Sanclie.
