1923 3358
354 233 420 270 336
623 235 995 267 CHRONOGRAPHIA
1020 237 1173 268 REGUM
1199 237 1478 270 FRANCORUM.
1649 234 1754 282 [1368

352 331 460 377 que,
496 312 664 375 quibus
694 328 783 375 pro
814 318 1031 375 tempore
1064 318 1299 360 retroacto
1329 313 1520 377 obligati
1555 322 1688 362 erant
1710 322 1756 363 et

350 389 628 435 tenebantur
653 404 789 435 causa
814 388 1120 436 rebellionum
1147 406 1311 437 eorum
1336 390 1528 454 regibus
1543 391 1752 439 Francie.

413 467 558 511 Porro
602 465 835 513 ‚Iohannes
877 465 1142 513 Lencastrie
1189 483 1387 514 uxorem
1431 466 1566 514 duxit
1612 467 1756 514 filiam

348 541 489 597 Petri,
526 541 652 605 regis
682 541 918 605 Hispanie‚
955 543 1086 606 cujus
1117 559 1252 591 causa
1282 559 1478 608 regnum
1515 543 1758 608 Hispanic-

346 633 452 665 rum
472 634 531 665 ex
553 623 748 681 paterna
771 624 819 666 et
837 619 960 666 avita
980 620 1272 668 successione
1293 620 1379 667 sibi
1402 620 1614 668 debitum
1648 637 1758 668 con—

346 700 419 741 tra
444 694 692 742 Henricum
724 711 888 760 regem
919 696 1117 759 repetit,
1156 696 1472 761 quartillando
1507 713 1637 745 arma
1674 713 1756 745 sua

347 771 490 818 armis
515 771 650 836 hujus
673 772 807 836 regni
831 773 1051 836 Hispanie
1077 779 1124 820 et
1150 774 1362 822 Castelle.

412 848 541 897 Circa
561 854 861 912 prenotatum
881 866 1056 897 annum
1075 858 1140 898 Μ1ΙΙ
1165 859 1284 900 CCCm
1304 859 1499 909 mmmm,
1523 855 1633 909 Leo,
1659 851 1756 899 dux

347 926 606 985 Clarencie‚
653 926 887 974 secundus
924 927 1044 974 filius
1086 927 1364 985 Edowardi‚
1407 929 1532 993 regis
1570 928 1752 993 Anglie,

348 1003 475 1050 venit
505 1003 741 1052 Kalesium
775 1009 822 1051 et
852 1004 961 1052 inde
990 1020 1076 1068 per
1099 1004 1360 1052 Franciam¹
1391 1005 1505 1053 abiit
1532 1005 1757 1054 Lombar-

397 1175 427 1209 1.
451 1173 606 1220 Lionel,
634 1173 707 1210 duc
736 1173 782 1210 de
810 1173 1016 1220 Clarence‚
1045 1174 1173 1211 arriva
1205 1174 1228 1210 a
1255 1175 1365 1211 Paris
1397 1175 1432 1212 le
1461 1175 1504 1212 16
1536 1175 1634 1212 avril
1665 1175 1755 1212 1368

347 1234 521 1279 (Grandes
546 1234 783 1278 Chroniques‚
807 1238 833 1268 t.
855 1233 924 1280 VI,
946 1244 981 1280 p.
1004 1233 1100 1279 251).
1124 1234 1200 1270 Sur
1218 1234 1274 1270 les
1296 1234 1390 1271 fetes
1410 1233 1455 1270 de
1478 1245 1549 1271 son
1568 1234 1754 1282 mariage,

344 1292 429 1329 voir
450 1292 504 1328 les
525 1293 685 1328 Annales
704 1293 989 1328 Mediolanenses
1012 1292 1228 1338 (Muratori‚
1245 1294 1380 1329 Rerum
1400 1295 1619 1329 italicarum
1637 1296 1756 1340 scrip-

344 1356 446 1396 tores,
471 1357 498 1387 t.
522 1351 635 1397 XVI,
656 1351 728 1387 col.
752 1351 846 1397 738).
864 1351 976 1388 Voici
996 1362 1072 1387 une
1095 1352 1209 1388 lettre
1231 1352 1350 1389 ecrite
1369 1363 1444 1400 peu
1465 1353 1577 1400 apres
1597 1352 1635 1389 la
1654 1357 1756 1389 mort

343 1410 394 1446 du
414 1409 487 1447 duc
507 1421 576 1456 par
596 1421 667 1446 son
686 1409 897 1457 heau-pere
921 1423 928 1445 ;
948 1423 962 1444 α
979 1410 1127 1446 Illustri
1148 1411 1313 1458 principi
1339 1416 1377 1448 et
1403 1411 1631 1449 honorando
1659 1422 1754 1448 con-

346 1483 361 1503 «
386 1469 599 1517 sanguineo
621 1474 753 1505 nostro
776 1469 976 1506 carissimo
1003 1469 1159 1506 domino
1187 1470 1318 1506 comiti
1345 1470 1606 1518 Cantabrugie
1630 1484 1645 1505 n
1668 1472 1755 1514 (Ed-

343 1530 466 1569 mond,
489 1532 601 1564 comte
621 1530 663 1564 de
684 1529 929 1574 Cambridqe).
953 1549 1001 1555 —
1025 1542 1041 1562 (ι
1062 1528 1230 1565 Illustris
1256 1529 1436 1576 princeps
1465 1535 1502 1566 et
1528 1529 1755 1566 honorande

347 1587 675 1634 «consanguinee
706 1587 931 1635 carissimi-33
965 1593 1072 1635 grate
1105 1587 1216 1624 nobis
1249 1587 1455 1625 admodum
1487 1588 1597 1625 litere
1628 1594 1754 1625 vestre

347 1659 362 1679 «
385 1645 554 1682 exhibite
576 1645 686 1682 nobis
706 1657 773 1693 per
796 1646 963 1682 nobilem
987 1646 1189 1682 dominum
1209 1646 1421 1683 Rizardum
1442 1647 1629 1693 Musardi,
1650 1646 1753 1683 mili—

346 1717 360 1736 (ι
385 1708 464 1739 tem
490 1709 681 1749 nostrum⁷
706 1709 743 1740 et
770 1704 902 1740 omnia
929 1710 1112 1741 contenta
1139 1706 1179 1741 in
1206 1705 1327 1741 literis
1354 1706 1447 1752 ipsis
1473 1717 1516 1742 ac
1544 1706 1662 1742 etiam
1688 1705 1753 1741 illa

345 1776 360 1796 «
384 1773 455 1809 que
483 1762 584 1798 idem
610 1762 790 1799 dominus
822 1762 1023 1809 Rizardus,
1059 1763 1178 1798 vestri
1204 1769 1326 1810 parte,
1359 1764 1474 1800 latius
1500 1764 1610 1800 nobis
1635 1774 1751 1811 expo-

344 1835 360 1854 «
384 1821 473 1865 suit,
496 1821 617 1857 menti
638 1826 769 1857 nostre
799 1821 1105 1858 consolationem
1132 1822 1340 1858 maximam
1371 1822 1608 1866 intulerunt;
1637 1823 1678 1859 in
1708 1834 1753 1859 ea

344 1894 359 1913 «
382 1885 489 1926 parte
509 1879 709 1926 potissime
729 1879 770 1915 in
791 1891 866 1927 qua
887 1880 1253 1927 comprehendimus
1274 1892 1340 1917 vos
1364 1881 1560 1928 [multum]
1588 1881 1750 1930 disposi-

344 1950 357 1971 «
382 1943 465 1974 tum
498 1938 728 1975 affinitatem
762 1944 800 1975 et
833 1939 1236 1986 consanguineitatem
1265 1945 1440 1976 nostram
1469 1940 1634 1978 dulciter
1659 1941 1751 1978 reti-

344 2011 359 2029 «
381 2008 494 2043 nere,
528 2003 886 2045 quantumcumque
919 1998 1070 2035 illuster
1101 1998 1281 2035 dominus
1316 1999 1524 2036 Leonellus
1557 2001 1750 2048 quondam

343 2067 592 2103 «germanus
624 2062 765 2102 vester,
799 2057 978 2105 filiusque
1011 2062 1156 2104 noster,
1189 2057 1367 2104 prodolor
1400 2059 1449 2095 sit
1483 2060 1530 2096 ab
1566 2060 1750 2097 humanis

344 2129 359 2148 «
382 2121 595 2163 extractuS,
622 2116 889 2164 cujusquidem
919 2116 1121 2153 affinitatis
1148 2123 1186 2153 et
1212 2117 1348 2154 intime
1375 2119 1749 2166 consanguineitatis

344 2187 358 2207 (ι
384 2174 731 2222 con[junctio]nem
763 2175 1002 2212 intendimus
1034 2175 1234 2213 vobiscum
1268 2176 1585 2214 indissolubiliter
1617 2179 1749 2216 obser-

344 2246 357 2266 «
382 2244 486 2279 vare,
518 2233 691 2280 dispositi
714 2245 782 2271 vos
810 2240 987 2281 reputare
1013 2236 1348 2282 consanguineum
1376 2241 1413 2272 et
1440 2236 1563 2272 filium
1592 2238 1748 2274 carissi-

343 2302 501 2337 «mum,
532 2291 632 2328 sicut
659 2292 880 2340 [predictus]
909 2293 1088 2330 dominus
1116 2294 1305 2330 Rizardus
1334 2295 1445 2331 nobis
1473 2296 1603 2332 retulit
1630 2297 1748 2333 vestri

343 2365 358 2384 «
380 2355 501 2397 parte.
527 2350 576 2386 Et
602 2351 691 2398 quia
717 2352 819 2388 inter
845 2352 934 2397 alia,
961 2352 1061 2388 idem
1091 2352 1270 2389 dominus
1297 2353 1486 2390 Rizardus
1516 2355 1611 2392 dixit
1637 2355 1748 2392 nobis

342 2424 357 2442 «
380 2409 480 2456 quod
505 2409 674 2456 placeret
696 2411 803 2446 vobis
832 2411 973 2447 habere
1002 2422 1123 2447 unum
1156 2412 1200 2447 de
1228 2413 1410 2449 curseriis
1437 2414 1596 2461 nostris,
1620 2413 1747 2462 dispo-

342 2480 355 2500 «
380 2466 529 2502 suimus
549 2466 593 2502 de
615 2469 784 2513 presenti
801 2469 908 2505 vobis
929 2469 1082 2506 mittere
1105 2470 1296 2507 curserios
1318 2470 1414 2508 duos
1434 2471 1570 2519 bonoe,
1589 2479 1627 2509 et
1647 2474 1747 2510 ulte-

342 2540 357 2558 «
380 2525 459 2561 rius
482 2525 606 2562 facere
628 2537 868 2574 quecumque
891 2529 1000 2564 nobis
1022 2529 1218 2576 possibilia
1237 2530 1453 2577 plac[endo]
1472 2532 1571 2568 votis
1592 2533 1743 2569 vestris.

343 2598 358 2617 «
380 2584 428 2620 Et
448 2585 532 2622 ideo
554 2586 758 2633 requiratis
781 2597 868 2622 cum
889 2588 1004 2634 plena
1024 2588 1164 2625 fiducia
1183 2600 1254 2625 nos
1284 2595 1321 2626 et
1347 2597 1495 2637 nostra,
1518 2591 1744 2628 intimantes

341 2655 356 2675 ιι
381 2642 490 2679 nohis
519 2643 646 2689 sepius
677 2648 821 2679 statum
849 2651 1020 2681 vestrum
1050 2657 1164 2693 quem
1195 2653 1372 2693 optamus
1400 2658 1626 2695 prosperum
1657 2653 1744 2683 tan-

347 2714 360 2734 «
385 2712 500 2747 quam
529 2708 718 2739 nostrum.
748 2701 924 2740 Scicntes
952 2704 1051 2751 quod
1082 2705 1203 2742 dictos
1230 2706 1421 2743 curserios
1445 2712 1592 2744 vestros
1617 2706 1745 2742 mitte·
