1923 3358
363 276 427 312 31⁶2
628 275 999 308 CHRONOGRAPHIA
1029 274 1181 306 REGUM
1207 273 1487 306 FRANCORUM.
1659 270 1764 317 [1367

365 379 384 403 (ι
414 358 704 417 aliorumque
724 355 934 401 locorum
951 360 997 401 et
1014 355 1246 401 bonorum
1268 354 1584 416 quorumlibet
1604 355 1765 419 dirup-

363 454 383 479 <‹
414 433 586 488 tioneS,
635 430 934 495 spoliationes
972 437 1019 478 et
1060 430 1231 494 prede,
1275 431 1453 494 alieque
1498 431 1766 479 afflictiones

362 531 381 555 «
413 509 596 574 injurie,
627 509 672 555 in
706 508 905 556 diversis
937 508 1100 556 mundi
1131 508 1344 572 partibus
1370 514 1412 555 et
1440 508 1692 571 presertim
1719 510 1765 556 in

363 608 382 632 <1
412 603 560 651 regno
590 586 799 642 Francie‚
834 603 892 633 ex
923 586 1069 633 multo
1100 586 1195 650 jam
1222 592 1437 648 ternpore
1473 590 1761 648 perpetrata,

362 684 381 708 ε(
414 664 554 727 proth
583 663 741 711 dolor!
767 668 1062 711 attestantur.
1094 664 1262 710 Contra
1290 678 1409 725 quos
1440 661 1546 709 licet
1574 677 1660 726 per
1681 677 1767 708 nos

363 760 382 785 «
414 747 459 787 et
486 740 731 787 nonnullos
758 739 1117 803 predecessores
1149 746 1336 787 nostros
1365 755 1585 786 romanos
1609 738 1766 786 Ponti-

363 838 381 862 «
414 818 526 865 fices
553 816 741 881 plurimi
764 833 1029 880 processus,
1051 822 1146 863 tarn
1167 816 1408 881 generales
1427 832 1567 879 quam
1589 815 1767 879 specia-

363 915 381 939 «
414 896 497 951 les,
529 895 620 942 sint
647 894 809 950 habiti,
840 893 1050 941 diversas
1082 910 1226 957 penas
1255 900 1301 940 et
1333 893 1593 941 sentencias
1618 892 1767 940 conti-

363 993 382 1017 «
414 979 595 1029 nentes,
620 988 739 1034 quos
763 971 810 1018 in
838 988 922 1018 suo
952 972 1125 1018 robore
1150 971 1367 1019 volumus
1393 978 1439 1018 et
1470 970 1766 1018 decernimus

361 1070 380 1094 «
414 1065 692 1113 permanere
713 1055 758 1096 et
785 1049 944 1096 haberi
966 1049 1104 1096 etiam
1131 1049 1431 1112 presentibus
1456 1066 1545 1112 pro
1573 1064 1767 1111 expres-

362 1148 380 1172 «
412 1127 493 1175 sis.
525 1126 858 1174 Nichilominus
894 1133 1050 1173 tamen
1087 1143 1145 1173 ex
1179 1126 1425 1189 pastoralis
1464 1124 1768 1172 solicitudinis

361 1224 380 1248 ε(
413 1220 542 1260 cura,
566 1219 708 1266 quam
727 1219 839 1267 erga
860 1220 1053 1267 gregem
1071 1203 1356 1251 dominicum
1376 1203 1550 1250 habere
1570 1202 1766 1266 diligen-

361 1301 380 1325 «
413 1281 512 1328 cius
552 1297 884 1345 perurgemur,
926 1280 1062 1328 anxie
1097 1280 1395 1328 timescentes
1439 1280 1565 1343 quod
1605 1278 1767 1327 mundi

360 1378 378 1402 ε(
412 1358 723 1404 invalescente
759 1357 956 1414 malicia,
992 1357 1257 1422 hujusmodi
1286 1356 1545 1421 nephandis
1581 1355 1767 1403 sceleri-

360 1454 379 1478 «
414 1435 501 1482 bus
536 1435 707 1482 assueti
743 1451 792 1482 se
823 1435 881 1482 ab
914 1435 1001 1482 illis
1032 1440 1079 1482 et
1114 1435 1364 1498 presertim
1395 1434 1441 1481 in
1480 1434 1585 1498 ipso
1618 1449 1765 1497 regno

361 1533 379 1557 α
411 1512 619 1570 Francie‚
651 1512 726 1560 ubi
756 1513 905 1576 majus
939 1513 1294 1561 Christianitatis
1323 1512 1582 1576 periculum
1614 1511 1767 1558 immi-

361 1608 379 1632 «
412 1595 510 1645 net,
549 1595 596 1635 et
628 1589 674 1635 in
708 1606 801 1652 quo
838 1589 969 1636 furor
1000 1589 1291 1652 tempestatis
1322 1587 1590 1653 hujusmodi
1617 1586 1765 1651 magis

360 1665 625 1718 «invaluit,
678 1682 770 1712 non
823 1665 1071 1722 desistant,
1119 1672 1165 1713 et
1209 1666 1321 1713 alios
1365 1666 1424 1713 ad
1468 1665 1631 1713 similia
1672 1681 1765 1711 non

359 1762 378 1786 <1
412 1742 647 1799 inducant,
682 1759 734 1789 ac
759 1742 1032 1806 diligencius
1060 1750 1355 1791 recensentes
1382 1749 1497 1807 quot
1522 1748 1566 1789 et
1593 1747 1765 1805 quanta

359 1838 378 1863 α
412 1819 532 1866 bona
570 1835 628 1865 ex
667 1818 770 1882 ipso
806 1836 952 1883 regno
993 1820 1215 1867 catholice
1250 1820 1359 1868 fidei
1397 1820 1576 1883 totique
1613 1819 1766 1867 Chris-

358 1915 377 1938 «
409 1895 536 1943 tiano
564 1896 740 1959 populo
770 1896 814 1943 in
843 1897 1033 1961 longum
1069 1897 1335 1944 continuata
1368 1912 1455 1959 per
1481 1912 1619 1944 evum
1647 1895 1765 1942 mul—

358 1992 376 2016 «
408 1972 585 2019 timode
614 1973 935 2035 provenerint,
966 1979 1012 2020 et
1040 1980 1265 2036 quantum
1299 1981 1346 2021 et
1374 1973 1574 2037 qualiter
1610 1972 1766 2021 Chris-

357 2069 375 2093 «
408 2049 649 2096 tianissimi
709 2052 994 2098 Francorum
1056 2067 1218 2115 reges,
1288 2050 1368 2114 qui
1430 2051 1617 2098 fuerunt
1675 2066 1764 2113 pro

357 2146 375 2169 «
410 2133 649 2189 tempore,
699 2127 913 2174 eamdem
958 2127 1100 2174 fidem
1150 2128 1422 2175 catholicam
1466 2133 1514 2174 et
1557 2132 1763 2174 sanctam

358 2223 377 2247 «
409 2220 647 2250 remanam
677 2205 947 2260 Ecclesiam,
978 2208 1109 2268 cujus
1137 2222 1324 2268 semper
1347 2203 1558 2268 precipui
1583 2203 1764 2268 pugiles

358 2299 376 2323 «
408 2280 687 2338 extiterunt,
725 2282 861 2346 longe
897 2282 1079 2344 lateque
1112 2298 1196 2345 per
1231 2282 1419 2337 orbem,
1461 2281 1579 2328 sicut
1613 2280 1763 2327 exacti

357 2376 376 2400 c<
410 2357 635 2419 temporis
670 2358 921 2421 antiquitas
953 2359 1102 2406 fidelis
1135 2359 1336 2406 insinuat
1377 2365 1423 2406 et
1461 2357 1630 2421 probat
1668 2357 1764 2404 evi-

358 2453 376 2477 «
409 2434 570 2481 dencia
600 2436 833 2492 veritatis,
874 2436 1190 2499 multipliciter
1224 2436 1492 2483 extulerunt
1526 2435 1763 2482 ferventer

358 2530 377 2554 «
410 2527 496 2573 pro
531 2510 630 2573 ipsa
667 2512 757 2558 fide
791 2513 1062 2576 pugnando,
1102 2529 1154 2559 ac
1195 2512 1412 2559 ecclesias
1451 2518 1496 2558 et
1536 2527 1761 2574 personas

358 2605 377 2629 «
407 2586 737 2634 ecclesiasticas
784 2589 851 2635 sui
906 2589 1037 2653 regni
1085 2589 1401 2636 favorabiliter
1444 2585 1755 2651 protegendo,

357 2682 376 2704 ι(
408 2662 603 2726 dignum
623 2662 842 2710 duximus
873 2671 916 2710 ct
942 2664 1199 2728 expediens
1226 2671 1499 2727 reputamus
1523 2670 1573 2710 ut
1593 2662 1760 2708 adver-

358 2758 377 2781 «
409 2755 486 2785 sus
513 2739 775 2802 hujusmodi
806 2757 1060 2803 pravorum
1090 2741 1366 2803 nequiciam,
1399 2746 1621 2803 quantum
1650 2754 1756 2785 cum
