<?xml version="1.0" encoding="UTF-8"?>
<!DOCTYPE html PUBLIC "-//W3C//DTD XHTML 1.0 Transitional//EN"
    "http://www.w3.org/TR/xhtml1/DTD/xhtml1-transitional.dtd">
<html xmlns="http://www.w3.org/1999/xhtml" xml:lang="en" lang="en">
 <head>
  <title>
</title>
<meta http-equiv="Content-Type" content="text/html;charset=utf-8" />
  <meta name='ocr-system' content='tesseract 3.04.00' />
  <meta name='ocr-capabilities' content='ocr_page ocr_carea ocr_par ocr_line ocrx_word'/>
</head>
<body>
  <div class='ocr_page' id='page_1' title='image "./chronographiareg02mora_0143.png"; bbox 0 0 1923 3358; ppageno 0'>
   <div class='ocr_carea' id='block_1_1' title="bbox 79 316 1469 362">
    <p class='ocr_par' dir='ltr' id='par_1_1' title="bbox 79 316 1469 362">
     <span class='ocr_line' id='line_1_1' title="bbox 79 316 1469 362; baseline 0.003 -10"><span class='ocrx_word' id='word_1_1' title='bbox 79 316 182 362; x_wconf 76' lang='grc'>1340]</span> <span class='ocrx_word' id='word_1_2' title='bbox 352 320 722 354; x_wconf 83' lang='lat' dir='ltr'><strong>CHRONOGRAPHIA</strong></span> <span class='ocrx_word' id='word_1_3' title='bbox 748 321 899 354; x_wconf 87' lang='lat' dir='ltr'><strong>REGUM</strong></span> <span class='ocrx_word' id='word_1_4' title='bbox 925 324 1202 355; x_wconf 75' lang='lat' dir='ltr'><strong>FRANCORUM.</strong></span> <span class='ocrx_word' id='word_1_5' title='bbox 1409 319 1469 356; x_wconf 82' lang='grc'>131</span> 
     </span>
    </p>
   </div>
   <div class='ocr_carea' id='block_1_2' title="bbox 53 399 1474 2842">
    <p class='ocr_par' dir='ltr' id='par_1_2' title="bbox 72 399 1474 693">
     <span class='ocr_line' id='line_1_2' title="bbox 77 399 1474 465; baseline 0.004 -21"><span class='ocrx_word' id='word_1_6' title='bbox 77 418 98 443; x_wconf 85' lang='lat'>«</span> <span class='ocrx_word' id='word_1_7' title='bbox 129 404 208 446; x_wconf 92' lang='lat' dir='ltr'>aut</span> <span class='ocrx_word' id='word_1_8' title='bbox 244 399 352 446; x_wconf 87' lang='lat' dir='ltr'>fiam</span> <span class='ocrx_word' id='word_1_9' title='bbox 390 400 488 464; x_wconf 89' lang='lat' dir='ltr'>regi</span> <span class='ocrx_word' id='word_1_10' title='bbox 525 400 821 447; x_wconf 80' lang='lat' dir='ltr'>inobediens!</span> <span class='ocrx_word' id='word_1_11' title='bbox 864 420 883 445; x_wconf 70' lang='lat'>&gt;³</span> <span class='ocrx_word' id='word_1_12' title='bbox 919 402 1000 449; x_wconf 89' lang='lat' dir='ltr'>Cui</span> <span class='ocrx_word' id='word_1_13' title='bbox 1037 401 1279 465; x_wconf 85' lang='lat' dir='ltr'>respondit</span> <span class='ocrx_word' id='word_1_14' title='bbox 1317 418 1474 449; x_wconf 88' lang='lat' dir='ltr'>comes</span> 
     </span>
     <span class='ocr_line' id='line_1_3' title="bbox 72 475 1474 532; baseline 0.002 -11"><span class='ocrx_word' id='word_1_15' title='bbox 72 475 362 522; x_wconf 87' lang='lat' dir='ltr'>Armaniachi</span> <span class='ocrx_word' id='word_1_16' title='bbox 393 493 402 521; x_wconf 77' lang='grc' dir='ltr'>ε</span> <span class='ocrx_word' id='word_1_17' title='bbox 431 494 450 520; x_wconf 82' lang='lat'>«</span> <span class='ocrx_word' id='word_1_18' title='bbox 476 476 686 532; x_wconf 80' lang='lat' dir='ltr'>Domine,</span> <span class='ocrx_word' id='word_1_19' title='bbox 716 476 886 523; x_wconf 86' lang='lat' dir='ltr'>auxilio</span> <span class='ocrx_word' id='word_1_20' title='bbox 912 477 992 523; x_wconf 88' lang='lat' dir='ltr'>Dei</span> <span class='ocrx_word' id='word_1_21' title='bbox 1017 484 1063 524; x_wconf 91' lang='lat' dir='ltr'>et</span> <span class='ocrx_word' id='word_1_22' title='bbox 1085 477 1341 525; x_wconf 90' lang='lat' dir='ltr'>amicorum</span> <span class='ocrx_word' id='word_1_23' title='bbox 1366 494 1474 524; x_wconf 88' lang='lat' dir='ltr'>nos-</span> 
     </span>
     <span class='ocr_line' id='line_1_4' title="bbox 76 551 1473 617; baseline 0.006 -23"><span class='ocrx_word' id='word_1_24' title='bbox 76 569 96 593; x_wconf 79' lang='lat'>«</span> <span class='ocrx_word' id='word_1_25' title='bbox 126 555 306 598; x_wconf 88' lang='lat' dir='ltr'>trorum</span> <span class='ocrx_word' id='word_1_26' title='bbox 332 551 423 598; x_wconf 93' lang='lat' dir='ltr'>cito</span> <span class='ocrx_word' id='word_1_27' title='bbox 448 552 730 615; x_wconf 82' lang='lat' dir='ltr'>pervenietis</span> <span class='ocrx_word' id='word_1_28' title='bbox 758 552 816 599; x_wconf 90' lang='lat' dir='ltr'>ad</span> <span class='ocrx_word' id='word_1_29' title='bbox 849 569 1012 615; x_wconf 89' lang='lat' dir='ltr'>pacem</span> <span class='ocrx_word' id='word_1_30' title='bbox 1044 554 1186 617; x_wconf 86' lang='lat' dir='ltr'>regis.</span> <span class='ocrx_word' id='word_1_31' title='bbox 1216 558 1384 602; x_wconf 90' lang='lat' dir='ltr'>Eamus</span> <span class='ocrx_word' id='word_1_32' title='bbox 1415 555 1473 602; x_wconf 89' lang='lat' dir='ltr'>ad</span> 
     </span>
     <span class='ocr_line' id='line_1_5' title="bbox 74 628 1128 693; baseline 0.002 -21"><span class='ocrx_word' id='word_1_33' title='bbox 74 645 95 670; x_wconf 80' lang='lat'>«</span> <span class='ocrx_word' id='word_1_34' title='bbox 128 643 257 674; x_wconf 86' lang='lat' dir='ltr'>arma</span> <span class='ocrx_word' id='word_1_35' title='bbox 283 645 341 675; x_wconf 83' lang='lat' dir='ltr'>ex</span> <span class='ocrx_word' id='word_1_36' title='bbox 366 634 498 691; x_wconf 88' lang='lat' dir='ltr'>parte</span> <span class='ocrx_word' id='word_1_37' title='bbox 522 628 603 675; x_wconf 90' lang='lat' dir='ltr'>Dei</span> <span class='ocrx_word' id='word_1_38' title='bbox 630 634 676 674; x_wconf 91' lang='lat' dir='ltr'>et</span> <span class='ocrx_word' id='word_1_39' title='bbox 696 628 848 675; x_wconf 81' lang='lat' dir='ltr'>Sancti</span> <span class='ocrx_word' id='word_1_40' title='bbox 875 629 1078 693; x_wconf 80' lang='lat' dir='ltr'>Georgii.</span> <span class='ocrx_word' id='word_1_41' title='bbox 1109 649 1128 674; x_wconf 69' lang='lat'>1&gt;</span> 
     </span>
    </p>

    <p class='ocr_par' dir='ltr' id='par_1_3' title="bbox 60 704 1474 1381">
     <span class='ocr_line' id='line_1_6' title="bbox 135 704 1474 766; baseline 0.004 -17"><span class='ocrx_word' id='word_1_42' title='bbox 135 704 342 766; x_wconf 89' lang='lat' dir='ltr'>Cumque</span> <span class='ocrx_word' id='word_1_43' title='bbox 380 708 585 750; x_wconf 89' lang='lat' dir='ltr'>armatus</span> <span class='ocrx_word' id='word_1_44' title='bbox 625 710 769 760; x_wconf 89' lang='lat' dir='ltr'>esset,</span> <span class='ocrx_word' id='word_1_45' title='bbox 804 704 915 750; x_wconf 85' lang='lat' dir='ltr'>exiit</span> <span class='ocrx_word' id='word_1_46' title='bbox 955 704 1012 751; x_wconf 91' lang='lat' dir='ltr'>de</span> <span class='ocrx_word' id='word_1_47' title='bbox 1044 705 1149 752; x_wconf 83' lang='lat' dir='ltr'>villa</span> <span class='ocrx_word' id='word_1_48' title='bbox 1186 707 1336 754; x_wconf 89' lang='lat' dir='ltr'>solum</span> <span class='ocrx_word' id='word_1_49' title='bbox 1368 724 1474 754; x_wconf 91' lang='lat' dir='ltr'>cum</span> 
     </span>
     <span class='ocr_line' id='line_1_7' title="bbox 69 778 1473 843; baseline 0.003 -17"><span class='ocrx_word' id='word_1_50' title='bbox 69 778 402 843; x_wconf 84' lang='lat' dir='ltr'>quinquaginta</span> <span class='ocrx_word' id='word_1_51' title='bbox 433 779 673 826; x_wconf 91' lang='lat' dir='ltr'>hominum</span> <span class='ocrx_word' id='word_1_52' title='bbox 708 778 811 842; x_wconf 78' lang='lat' dir='ltr'>(sic)</span> <span class='ocrx_word' id='word_1_53' title='bbox 851 796 1091 828; x_wconf 90' lang='lat' dir='ltr'>armorum</span> <span class='ocrx_word' id='word_1_54' title='bbox 1125 800 1133 827; x_wconf 89' lang='lat'>:</span> <span class='ocrx_word' id='word_1_55' title='bbox 1173 783 1316 830; x_wconf 86' lang='lat' dir='ltr'>ceteri</span> <span class='ocrx_word' id='word_1_56' title='bbox 1350 784 1473 830; x_wconf 91' lang='lat' dir='ltr'>enim</span> 
     </span>
     <span class='ocr_line' id='line_1_8' title="bbox 66 855 1474 923; baseline 0.004 -21"><span class='ocrx_word' id='word_1_57' title='bbox 66 856 196 918; x_wconf 88' lang='lat' dir='ltr'>prius</span> <span class='ocrx_word' id='word_1_58' title='bbox 225 855 456 913; x_wconf 84' lang='lat' dir='ltr'>exierant,</span> <span class='ocrx_word' id='word_1_59' title='bbox 493 873 579 904; x_wconf 88' lang='lat' dir='ltr'>nec</span> <span class='ocrx_word' id='word_1_60' title='bbox 611 857 857 904; x_wconf 85' lang='lat' dir='ltr'>arrestavit</span> <span class='ocrx_word' id='word_1_61' title='bbox 889 857 1039 906; x_wconf 87' lang='lat' dir='ltr'>donec</span> <span class='ocrx_word' id='word_1_62' title='bbox 1067 859 1196 905; x_wconf 88' lang='lat' dir='ltr'>venit</span> <span class='ocrx_word' id='word_1_63' title='bbox 1229 860 1284 906; x_wconf 91' lang='lat' dir='ltr'>ad</span> <span class='ocrx_word' id='word_1_64' title='bbox 1320 860 1474 923; x_wconf 91' lang='lat' dir='ltr'>lepro-</span> 
     </span>
     <span class='ocr_line' id='line_1_9' title="bbox 65 932 1471 996; baseline 0.004 -17"><span class='ocrx_word' id='word_1_65' title='bbox 65 932 254 989; x_wconf 89' lang='lat' dir='ltr'>soriam‚</span> <span class='ocrx_word' id='word_1_66' title='bbox 285 932 363 979; x_wconf 90' lang='lat' dir='ltr'>ubi</span> <span class='ocrx_word' id='word_1_67' title='bbox 389 934 563 996; x_wconf 89' lang='lat' dir='ltr'>reperit</span> <span class='ocrx_word' id='word_1_68' title='bbox 587 934 735 981; x_wconf 88' lang='lat' dir='ltr'>aciem</span> <span class='ocrx_word' id='word_1_69' title='bbox 760 934 951 982; x_wconf 88' lang='lat' dir='ltr'>Roberti</span> <span class='ocrx_word' id='word_1_70' title='bbox 977 935 1035 983; x_wconf 91' lang='lat' dir='ltr'>de</span> <span class='ocrx_word' id='word_1_71' title='bbox 1067 935 1249 983; x_wconf 85' lang='lat' dir='ltr'>Artesio</span> <span class='ocrx_word' id='word_1_72' title='bbox 1277 937 1363 984; x_wconf 86' lang='lat' dir='ltr'>sibi</span> <span class='ocrx_word' id='word_1_73' title='bbox 1387 938 1471 984; x_wconf 90' lang='lat' dir='ltr'>ob-</span> 
     </span>
     <span class='ocr_line' id='line_1_10' title="bbox 63 1008 1469 1073; baseline 0.004 -18"><span class='ocrx_word' id='word_1_74' title='bbox 63 1008 283 1056; x_wconf 82' lang='lat' dir='ltr'>viantem.</span> <span class='ocrx_word' id='word_1_75' title='bbox 313 1012 478 1057; x_wconf 86' lang='lat' dir='ltr'>Postea</span> <span class='ocrx_word' id='word_1_76' title='bbox 504 1010 788 1073; x_wconf 75' lang='lat' dir='ltr'>sequebatur</span> <span class='ocrx_word' id='word_1_77' title='bbox 814 1028 971 1059; x_wconf 91' lang='lat' dir='ltr'>comes</span> <span class='ocrx_word' id='word_1_78' title='bbox 997 1013 1276 1069; x_wconf 85' lang='lat' dir='ltr'>Armaniaci‚</span> <span class='ocrx_word' id='word_1_79' title='bbox 1308 1030 1469 1061; x_wconf 92' lang='lat' dir='ltr'>secum</span> 
     </span>
     <span class='ocr_line' id='line_1_11' title="bbox 62 1085 1471 1152; baseline 0.003 -20"><span class='ocrx_word' id='word_1_80' title='bbox 62 1085 236 1133; x_wconf 89' lang='lat' dir='ltr'>habens</span> <span class='ocrx_word' id='word_1_81' title='bbox 262 1086 553 1151; x_wconf 89' lang='lat' dir='ltr'>octingentos</span> <span class='ocrx_word' id='word_1_82' title='bbox 579 1087 790 1135; x_wconf 89' lang='lat' dir='ltr'>homines</span> <span class='ocrx_word' id='word_1_83' title='bbox 811 1105 1069 1145; x_wconf 89' lang='lat' dir='ltr'>armorum,</span> <span class='ocrx_word' id='word_1_84' title='bbox 1101 1089 1159 1136; x_wconf 94' lang='lat' dir='ltr'>de</span> <span class='ocrx_word' id='word_1_85' title='bbox 1180 1089 1351 1152; x_wconf 86' lang='lat' dir='ltr'>quibus</span> <span class='ocrx_word' id='word_1_86' title='bbox 1373 1091 1471 1137; x_wconf 90' lang='lat' dir='ltr'>fere</span> 
     </span>
     <span class='ocr_line' id='line_1_12' title="bbox 61 1163 1465 1230; baseline 0.003 -21"><span class='ocrx_word' id='word_1_87' title='bbox 61 1163 256 1210; x_wconf 73' lang='lat' dir='ltr'>trecenti</span> <span class='ocrx_word' id='word_1_88' title='bbox 275 1170 406 1211; x_wconf 88' lang='lat' dir='ltr'>erant</span> <span class='ocrx_word' id='word_1_89' title='bbox 425 1165 576 1228; x_wconf 83' lang='lat' dir='ltr'>operti</span> <span class='ocrx_word' id='word_1_90' title='bbox 594 1165 652 1212; x_wconf 93' lang='lat' dir='ltr'>de</span> <span class='ocrx_word' id='word_1_91' title='bbox 669 1165 975 1230; x_wconf 87' lang='lat' dir='ltr'>haubergeria</span> <span class='ocrx_word' id='word_1_92' title='bbox 1001 1172 1047 1213; x_wconf 92' lang='lat' dir='ltr'>et</span> <span class='ocrx_word' id='word_1_93' title='bbox 1073 1165 1132 1214; x_wconf 88' lang='lat' dir='ltr'>de</span> <span class='ocrx_word' id='word_1_94' title='bbox 1158 1166 1465 1214; x_wconf 86' lang='lat' dir='ltr'>franchieriis.</span> 
     </span>
     <span class='ocr_line' id='line_1_13' title="bbox 62 1240 1470 1306; baseline 0.003 -20"><span class='ocrx_word' id='word_1_95' title='bbox 62 1243 154 1287; x_wconf 89' lang='lat' dir='ltr'>Hec</span> <span class='ocrx_word' id='word_1_96' title='bbox 173 1240 294 1288; x_wconf 87' lang='lat' dir='ltr'>acies</span> <span class='ocrx_word' id='word_1_97' title='bbox 319 1240 432 1288; x_wconf 88' lang='lat' dir='ltr'>abiit</span> <span class='ocrx_word' id='word_1_98' title='bbox 457 1241 516 1289; x_wconf 89' lang='lat' dir='ltr'>ad</span> <span class='ocrx_word' id='word_1_99' title='bbox 542 1241 754 1290; x_wconf 80' lang='lat' dir='ltr'>dextram</span> <span class='ocrx_word' id='word_1_100' title='bbox 782 1250 981 1306; x_wconf 85' lang='lat' dir='ltr'>partem,</span> <span class='ocrx_word' id='word_1_101' title='bbox 1003 1260 1168 1291; x_wconf 89' lang='lat' dir='ltr'>versus</span> <span class='ocrx_word' id='word_1_102' title='bbox 1195 1243 1341 1290; x_wconf 89' lang='lat' dir='ltr'>aciem</span> <span class='ocrx_word' id='word_1_103' title='bbox 1368 1243 1470 1290; x_wconf 90' lang='lat' dir='ltr'>illo-</span> 
     </span>
     <span class='ocr_line' id='line_1_14' title="bbox 60 1317 452 1381; baseline 0.005 -19"><span class='ocrx_word' id='word_1_104' title='bbox 60 1332 167 1363; x_wconf 90' lang='lat' dir='ltr'>rum</span> <span class='ocrx_word' id='word_1_105' title='bbox 193 1317 251 1364; x_wconf 91' lang='lat' dir='ltr'>de</span> <span class='ocrx_word' id='word_1_106' title='bbox 277 1320 452 1381; x_wconf 86' lang='lat' dir='ltr'>Yppra.</span> 
     </span>
    </p>

    <p class='ocr_par' dir='ltr' id='par_1_4' title="bbox 54 1394 1467 2211">
     <span class='ocr_line' id='line_1_15' title="bbox 125 1394 1465 1460; baseline 0.002 -19"><span class='ocrx_word' id='word_1_107' title='bbox 125 1397 181 1441; x_wconf 89' lang='lat' dir='ltr'>Et</span> <span class='ocrx_word' id='word_1_108' title='bbox 215 1394 454 1458; x_wconf 89' lang='lat' dir='ltr'>Burgundi</span> <span class='ocrx_word' id='word_1_109' title='bbox 484 1394 696 1443; x_wconf 89' lang='lat' dir='ltr'>videntes</span> <span class='ocrx_word' id='word_1_110' title='bbox 733 1396 975 1444; x_wconf 92' lang='lat' dir='ltr'>dominum</span> <span class='ocrx_word' id='word_1_111' title='bbox 1014 1413 1149 1444; x_wconf 86' lang='lat' dir='ltr'>suum</span> <span class='ocrx_word' id='word_1_112' title='bbox 1185 1398 1231 1443; x_wconf 93' lang='lat' dir='ltr'>in</span> <span class='ocrx_word' id='word_1_113' title='bbox 1271 1397 1465 1460; x_wconf 86' lang='lat' dir='ltr'>campis,</span> 
     </span>
     <span class='ocr_line' id='line_1_16' title="bbox 59 1471 1467 1538; baseline 0.001 -20"><span class='ocrx_word' id='word_1_114' title='bbox 59 1471 272 1519; x_wconf 86' lang='lat' dir='ltr'>abierunt</span> <span class='ocrx_word' id='word_1_115' title='bbox 290 1488 464 1519; x_wconf 85' lang='lat' dir='ltr'>secum.</span> <span class='ocrx_word' id='word_1_116' title='bbox 483 1472 731 1520; x_wconf 86' lang='lat' dir='ltr'>Arthisiani</span> <span class='ocrx_word' id='word_1_117' title='bbox 748 1490 861 1520; x_wconf 84' lang='lat' dir='ltr'>vero</span> <span class='ocrx_word' id='word_1_118' title='bbox 883 1481 927 1522; x_wconf 91' lang='lat' dir='ltr'>et</span> <span class='ocrx_word' id='word_1_119' title='bbox 944 1474 1168 1537; x_wconf 87' lang='lat' dir='ltr'>Flamingi</span> <span class='ocrx_word' id='word_1_120' title='bbox 1189 1473 1287 1538; x_wconf 89' lang='lat' dir='ltr'>regi</span> <span class='ocrx_word' id='word_1_121' title='bbox 1310 1474 1467 1520; x_wconf 84' lang='lat' dir='ltr'>faven-</span> 
     </span>
     <span class='ocr_line' id='line_1_17' title="bbox 57 1548 1466 1614; baseline 0.001 -20"><span class='ocrx_word' id='word_1_122' title='bbox 57 1553 128 1594; x_wconf 87' lang='lat' dir='ltr'>tes</span> <span class='ocrx_word' id='word_1_123' title='bbox 160 1553 388 1595; x_wconf 88' lang='lat' dir='ltr'>steterunt</span> <span class='ocrx_word' id='word_1_124' title='bbox 419 1548 464 1594; x_wconf 87' lang='lat' dir='ltr'>in</span> <span class='ocrx_word' id='word_1_125' title='bbox 496 1564 730 1611; x_wconf 89' lang='lat' dir='ltr'>campum.</span> <span class='ocrx_word' id='word_1_126' title='bbox 761 1554 815 1597; x_wconf 90' lang='lat' dir='ltr'>Et</span> <span class='ocrx_word' id='word_1_127' title='bbox 847 1566 1014 1614; x_wconf 87' lang='lat' dir='ltr'>magna</span> <span class='ocrx_word' id='word_1_128' title='bbox 1047 1550 1168 1597; x_wconf 90' lang='lat' dir='ltr'>acies</span> <span class='ocrx_word' id='word_1_129' title='bbox 1196 1550 1382 1597; x_wconf 86' lang='lat' dir='ltr'>illorum</span> <span class='ocrx_word' id='word_1_130' title='bbox 1408 1548 1466 1595; x_wconf 92' lang='lat' dir='ltr'>de</span> 
     </span>
     <span class='ocr_line' id='line_1_18' title="bbox 57 1624 1467 1689; baseline -0.001 -17"><span class='ocrx_word' id='word_1_131' title='bbox 57 1624 283 1688; x_wconf 83' lang='lat' dir='ltr'>Berghes,</span> <span class='ocrx_word' id='word_1_132' title='bbox 323 1624 382 1672; x_wconf 91' lang='lat' dir='ltr'>de</span> <span class='ocrx_word' id='word_1_133' title='bbox 416 1625 580 1672; x_wconf 88' lang='lat' dir='ltr'>Furnis</span> <span class='ocrx_word' id='word_1_134' title='bbox 618 1632 665 1673; x_wconf 90' lang='lat' dir='ltr'>et</span> <span class='ocrx_word' id='word_1_135' title='bbox 693 1626 751 1673; x_wconf 87' lang='lat' dir='ltr'>de</span> <span class='ocrx_word' id='word_1_136' title='bbox 782 1630 959 1674; x_wconf 89' lang='lat' dir='ltr'>Franco</span> <span class='ocrx_word' id='word_1_137' title='bbox 988 1626 1113 1674; x_wconf 86' lang='lat' dir='ltr'>venit</span> <span class='ocrx_word' id='word_1_138' title='bbox 1147 1643 1232 1689; x_wconf 90' lang='lat' dir='ltr'>per</span> <span class='ocrx_word' id='word_1_139' title='bbox 1263 1625 1467 1672; x_wconf 84' lang='lat' dir='ltr'>medium</span> 
     </span>
     <span class='ocr_line' id='line_1_19' title="bbox 57 1700 1467 1765; baseline 0.001 -19"><span class='ocrx_word' id='word_1_140' title='bbox 57 1715 298 1762; x_wconf 85' lang='lat' dir='ltr'>campum,</span> <span class='ocrx_word' id='word_1_141' title='bbox 338 1700 396 1747; x_wconf 86' lang='lat' dir='ltr'>ad</span> <span class='ocrx_word' id='word_1_142' title='bbox 433 1700 709 1748; x_wconf 89' lang='lat' dir='ltr'>irruendum</span> <span class='ocrx_word' id='word_1_143' title='bbox 747 1718 889 1765; x_wconf 91' lang='lat' dir='ltr'>super</span> <span class='ocrx_word' id='word_1_144' title='bbox 923 1701 1231 1749; x_wconf 89' lang='lat' dir='ltr'>Arthisianos.</span> <span class='ocrx_word' id='word_1_145' title='bbox 1269 1704 1467 1764; x_wconf 82' lang='lat' dir='ltr'>Moxque</span> 
     </span>
     <span class='ocr_line' id='line_1_20' title="bbox 57 1778 1464 1843; baseline -0.001 -17"><span class='ocrx_word' id='word_1_146' title='bbox 57 1778 305 1826; x_wconf 88' lang='lat' dir='ltr'>Arthisiani</span> <span class='ocrx_word' id='word_1_147' title='bbox 345 1784 391 1825; x_wconf 87' lang='lat' dir='ltr'>et</span> <span class='ocrx_word' id='word_1_148' title='bbox 428 1779 650 1843; x_wconf 86' lang='lat' dir='ltr'>Flamingi</span> <span class='ocrx_word' id='word_1_149' title='bbox 689 1780 849 1828; x_wconf 85' lang='lat' dir='ltr'>fideles</span> <span class='ocrx_word' id='word_1_150' title='bbox 884 1785 1113 1827; x_wconf 86' lang='lat' dir='ltr'>venerunt</span> <span class='ocrx_word' id='word_1_151' title='bbox 1154 1784 1315 1826; x_wconf 88' lang='lat' dir='ltr'>contra</span> <span class='ocrx_word' id='word_1_152' title='bbox 1356 1796 1464 1834; x_wconf 85' lang='lat' dir='ltr'>eos;</span> 
     </span>
     <span class='ocr_line' id='line_1_21' title="bbox 57 1855 1467 1918; baseline -0.001 -16"><span class='ocrx_word' id='word_1_153' title='bbox 57 1871 256 1918; x_wconf 91' lang='lat' dir='ltr'>cumque</span> <span class='ocrx_word' id='word_1_154' title='bbox 282 1856 496 1903; x_wconf 89' lang='lat' dir='ltr'>venirent</span> <span class='ocrx_word' id='word_1_155' title='bbox 529 1856 586 1904; x_wconf 89' lang='lat' dir='ltr'>ad</span> <span class='ocrx_word' id='word_1_156' title='bbox 623 1857 849 1904; x_wconf 87' lang='lat' dir='ltr'>fossatum</span> <span class='ocrx_word' id='word_1_157' title='bbox 884 1857 1212 1904; x_wconf 90' lang='lat' dir='ltr'>intermedium</span> <span class='ocrx_word' id='word_1_158' title='bbox 1246 1872 1329 1902; x_wconf 92' lang='lat' dir='ltr'>nec</span> <span class='ocrx_word' id='word_1_159' title='bbox 1363 1855 1467 1902; x_wconf 91' lang='lat' dir='ltr'>illuc</span> 
     </span>
     <span class='ocr_line' id='line_1_22' title="bbox 55 1932 1466 1994; baseline -0.001 -16"><span class='ocrx_word' id='word_1_160' title='bbox 55 1937 247 1994; x_wconf 84' lang='lat' dir='ltr'>possent</span> <span class='ocrx_word' id='word_1_161' title='bbox 271 1932 487 1989; x_wconf 87' lang='lat' dir='ltr'>transire,</span> <span class='ocrx_word' id='word_1_162' title='bbox 511 1933 803 1981; x_wconf 83' lang='lat' dir='ltr'>diverterunt</span> <span class='ocrx_word' id='word_1_163' title='bbox 825 1934 991 1981; x_wconf 85' lang='lat' dir='ltr'>vexilla</span> <span class='ocrx_word' id='word_1_164' title='bbox 1018 1950 1100 1981; x_wconf 88' lang='lat' dir='ltr'>sua</span> <span class='ocrx_word' id='word_1_165' title='bbox 1133 1933 1191 1979; x_wconf 91' lang='lat' dir='ltr'>ad</span> <span class='ocrx_word' id='word_1_166' title='bbox 1225 1936 1466 1978; x_wconf 82' lang='lat' dir='ltr'>reverten-</span> 
     </span>
     <span class='ocr_line' id='line_1_23' title="bbox 56 2008 1466 2075; baseline -0.001 -21"><span class='ocrx_word' id='word_1_167' title='bbox 56 2008 185 2055; x_wconf 91' lang='lat' dir='ltr'>dum.</span> <span class='ocrx_word' id='word_1_168' title='bbox 219 2009 345 2056; x_wconf 87' lang='lat' dir='ltr'>Multi</span> <span class='ocrx_word' id='word_1_169' title='bbox 385 2009 562 2058; x_wconf 89' lang='lat' dir='ltr'>nobiles</span> <span class='ocrx_word' id='word_1_170' title='bbox 596 2011 848 2075; x_wconf 78' lang='lat' dir='ltr'>fugiebant,</span> <span class='ocrx_word' id='word_1_171' title='bbox 886 2011 1127 2058; x_wconf 88' lang='lat' dir='ltr'>dominum</span> <span class='ocrx_word' id='word_1_172' title='bbox 1160 2025 1294 2057; x_wconf 87' lang='lat' dir='ltr'>suum</span> <span class='ocrx_word' id='word_1_173' title='bbox 1327 2008 1466 2054; x_wconf 83' lang='lat' dir='ltr'>relin-</span> 
     </span>
     <span class='ocr_line' id='line_1_24' title="bbox 55 2085 1464 2151; baseline -0.001 -19"><span class='ocrx_word' id='word_1_174' title='bbox 55 2091 251 2148; x_wconf 90' lang='lat' dir='ltr'>quentes</span> <span class='ocrx_word' id='word_1_175' title='bbox 284 2086 330 2132; x_wconf 91' lang='lat' dir='ltr'>in</span> <span class='ocrx_word' id='word_1_176' title='bbox 361 2087 538 2151; x_wconf 88' lang='lat' dir='ltr'>campis</span> <span class='ocrx_word' id='word_1_177' title='bbox 570 2088 689 2135; x_wconf 91' lang='lat' dir='ltr'>inter</span> <span class='ocrx_word' id='word_1_178' title='bbox 725 2104 889 2136; x_wconf 90' lang='lat' dir='ltr'>manus</span> <span class='ocrx_word' id='word_1_179' title='bbox 926 2088 1151 2139; x_wconf 82' lang='lat' dir='ltr'>hostium,</span> <span class='ocrx_word' id='word_1_180' title='bbox 1189 2085 1275 2133; x_wconf 88' lang='lat' dir='ltr'>nisi</span> <span class='ocrx_word' id='word_1_181' title='bbox 1311 2085 1464 2149; x_wconf 83' lang='lat' dir='ltr'>gracia</span> 
     </span>
     <span class='ocr_line' id='line_1_25' title="bbox 54 2163 401 2211; baseline 0.006 -2"><span class='ocrx_word' id='word_1_182' title='bbox 54 2163 135 2209; x_wconf 90' lang='lat' dir='ltr'>Dei</span> <span class='ocrx_word' id='word_1_183' title='bbox 161 2163 401 2211; x_wconf 87' lang='lat' dir='ltr'>evasisset.</span> 
     </span>
    </p>

    <p class='ocr_par' dir='ltr' id='par_1_5' title="bbox 53 2238 1464 2842">
     <span class='ocr_line' id='line_1_26' title="bbox 120 2238 1460 2304; baseline 0 -18"><span class='ocrx_word' id='word_1_184' title='bbox 120 2239 342 2304; x_wconf 88' lang='lat' dir='ltr'>Flamingi</span> <span class='ocrx_word' id='word_1_185' title='bbox 375 2257 578 2304; x_wconf 85' lang='lat' dir='ltr'>quoque,</span> <span class='ocrx_word' id='word_1_186' title='bbox 608 2248 658 2290; x_wconf 90' lang='lat' dir='ltr'>ut</span> <span class='ocrx_word' id='word_1_187' title='bbox 688 2242 906 2290; x_wconf 82' lang='lat' dir='ltr'>viderunt</span> <span class='ocrx_word' id='word_1_188' title='bbox 939 2240 1106 2288; x_wconf 81' lang='lat' dir='ltr'>vexilla</span> <span class='ocrx_word' id='word_1_189' title='bbox 1147 2238 1460 2295; x_wconf 88' lang='lat' dir='ltr'>retrocedere,</span> 
     </span>
     <span class='ocr_line' id='line_1_27' title="bbox 53 2315 1464 2382; baseline 0 -20"><span class='ocrx_word' id='word_1_190' title='bbox 53 2317 293 2363; x_wconf 89' lang='lat' dir='ltr'>turmatim</span> <span class='ocrx_word' id='word_1_191' title='bbox 319 2325 622 2366; x_wconf 86' lang='lat' dir='ltr'>cucurrerunt</span> <span class='ocrx_word' id='word_1_192' title='bbox 645 2325 753 2382; x_wconf 87' lang='lat' dir='ltr'>post</span> <span class='ocrx_word' id='word_1_193' title='bbox 773 2336 870 2375; x_wconf 89' lang='lat' dir='ltr'>eos,</span> <span class='ocrx_word' id='word_1_194' title='bbox 896 2318 1139 2365; x_wconf 87' lang='lat' dir='ltr'>credentes</span> <span class='ocrx_word' id='word_1_195' title='bbox 1160 2317 1288 2380; x_wconf 91' lang='lat' dir='ltr'>ipsos</span> <span class='ocrx_word' id='word_1_196' title='bbox 1309 2315 1464 2363; x_wconf 88' lang='lat' dir='ltr'>devic-</span> 
     </span>
     <span class='ocr_line' id='line_1_28' title="bbox 53 2392 1461 2458; baseline -0.001 -19"><span class='ocrx_word' id='word_1_197' title='bbox 53 2398 127 2440; x_wconf 89' lang='lat' dir='ltr'>tos</span> <span class='ocrx_word' id='word_1_198' title='bbox 167 2409 286 2440; x_wconf 89' lang='lat' dir='ltr'>esse.</span> <span class='ocrx_word' id='word_1_199' title='bbox 328 2394 543 2441; x_wconf 86' lang='lat' dir='ltr'>Artisiani</span> <span class='ocrx_word' id='word_1_200' title='bbox 584 2412 785 2458; x_wconf 89' lang='lat' dir='ltr'>namque</span> <span class='ocrx_word' id='word_1_201' title='bbox 821 2394 1032 2441; x_wconf 82' lang='lat' dir='ltr'>videntes</span> <span class='ocrx_word' id='word_1_202' title='bbox 1072 2393 1197 2456; x_wconf 86' lang='lat' dir='ltr'>quod</span> <span class='ocrx_word' id='word_1_203' title='bbox 1236 2392 1461 2456; x_wconf 87' lang='lat' dir='ltr'>Flamingi</span> 
     </span>
     <span class='ocr_line' id='line_1_29' title="bbox 53 2469 1464 2535; baseline -0.001 -19"><span class='ocrx_word' id='word_1_204' title='bbox 53 2470 326 2517; x_wconf 85' lang='lat' dir='ltr'>transissent</span> <span class='ocrx_word' id='word_1_205' title='bbox 357 2470 599 2528; x_wconf 88' lang='lat' dir='ltr'>fossatum,</span> <span class='ocrx_word' id='word_1_206' title='bbox 628 2477 871 2519; x_wconf 83' lang='lat' dir='ltr'>verterunt</span> <span class='ocrx_word' id='word_1_207' title='bbox 903 2471 1034 2535; x_wconf 86' lang='lat' dir='ltr'>signa</span> <span class='ocrx_word' id='word_1_208' title='bbox 1068 2488 1147 2518; x_wconf 90' lang='lat' dir='ltr'>sua</span> <span class='ocrx_word' id='word_1_209' title='bbox 1175 2476 1223 2517; x_wconf 88' lang='lat' dir='ltr'>et</span> <span class='ocrx_word' id='word_1_210' title='bbox 1248 2469 1464 2516; x_wconf 89' lang='lat' dir='ltr'>ferociter</span> 
     </span>
     <span class='ocr_line' id='line_1_30' title="bbox 53 2545 1462 2611; baseline 0 -19"><span class='ocrx_word' id='word_1_211' title='bbox 53 2545 290 2593; x_wconf 88' lang='lat' dir='ltr'>irruerunt</span> <span class='ocrx_word' id='word_1_212' title='bbox 329 2564 470 2610; x_wconf 88' lang='lat' dir='ltr'>super</span> <span class='ocrx_word' id='word_1_213' title='bbox 501 2564 598 2595; x_wconf 82' lang='lat' dir='ltr'>eos.</span> <span class='ocrx_word' id='word_1_214' title='bbox 634 2548 811 2596; x_wconf 84' lang='lat' dir='ltr'>Bellum</span> <span class='ocrx_word' id='word_1_215' title='bbox 846 2564 958 2611; x_wconf 89' lang='lat' dir='ltr'>ergo</span> <span class='ocrx_word' id='word_1_216' title='bbox 994 2547 1126 2594; x_wconf 83' lang='lat' dir='ltr'>letale</span> <span class='ocrx_word' id='word_1_217' title='bbox 1160 2547 1462 2594; x_wconf 90' lang='lat' dir='ltr'>commissum</span> 
     </span>
     <span class='ocr_line' id='line_1_31' title="bbox 54 2623 1464 2688; baseline 0.001 -20"><span class='ocrx_word' id='word_1_218' title='bbox 54 2628 141 2678; x_wconf 88' lang='lat' dir='ltr'>est,</span> <span class='ocrx_word' id='word_1_219' title='bbox 171 2623 216 2669; x_wconf 93' lang='lat' dir='ltr'>in</span> <span class='ocrx_word' id='word_1_220' title='bbox 244 2640 336 2685; x_wconf 91' lang='lat' dir='ltr'>quo</span> <span class='ocrx_word' id='word_1_221' title='bbox 363 2624 586 2688; x_wconf 85' lang='lat' dir='ltr'>Flamingi</span> <span class='ocrx_word' id='word_1_222' title='bbox 613 2625 800 2671; x_wconf 88' lang='lat' dir='ltr'>tandem</span> <span class='ocrx_word' id='word_1_223' title='bbox 828 2624 994 2672; x_wconf 85' lang='lat' dir='ltr'>devicti</span> <span class='ocrx_word' id='word_1_224' title='bbox 1027 2631 1151 2672; x_wconf 90' lang='lat' dir='ltr'>sunt.</span> <span class='ocrx_word' id='word_1_225' title='bbox 1183 2627 1347 2673; x_wconf 87' lang='lat' dir='ltr'>Comes</span> <span class='ocrx_word' id='word_1_226' title='bbox 1380 2623 1464 2669; x_wconf 88' lang='lat' dir='ltr'>ita-</span> 
     </span>
     <span class='ocr_line' id='line_1_32' title="bbox 55 2698 1462 2764; baseline -0.001 -18"><span class='ocrx_word' id='word_1_227' title='bbox 55 2715 144 2761; x_wconf 90' lang='lat' dir='ltr'>que</span> <span class='ocrx_word' id='word_1_228' title='bbox 177 2699 437 2747; x_wconf 86' lang='lat' dir='ltr'>Armaniaci</span> <span class='ocrx_word' id='word_1_229' title='bbox 470 2701 738 2764; x_wconf 81' lang='lat' dir='ltr'>properavit</span> <span class='ocrx_word' id='word_1_230' title='bbox 775 2707 935 2748; x_wconf 86' lang='lat' dir='ltr'>contra</span> <span class='ocrx_word' id='word_1_231' title='bbox 965 2701 1064 2748; x_wconf 86' lang='lat' dir='ltr'>illos</span> <span class='ocrx_word' id='word_1_232' title='bbox 1097 2701 1155 2748; x_wconf 90' lang='lat' dir='ltr'>de</span> <span class='ocrx_word' id='word_1_233' title='bbox 1181 2705 1366 2764; x_wconf 79' lang='lat' dir='ltr'>Yppra3</span> <span class='ocrx_word' id='word_1_234' title='bbox 1402 2698 1462 2745; x_wconf 74' lang='lat' dir='ltr'>illi</span> 
     </span>
     <span class='ocr_line' id='line_1_33' title="bbox 55 2776 1464 2842; baseline -0.001 -20"><span class='ocrx_word' id='word_1_235' title='bbox 55 2792 168 2822; x_wconf 88' lang='lat' dir='ltr'>vero</span> <span class='ocrx_word' id='word_1_236' title='bbox 190 2776 399 2824; x_wconf 85' lang='lat' dir='ltr'>videntes</span> <span class='ocrx_word' id='word_1_237' title='bbox 420 2794 543 2835; x_wconf 85' lang='lat' dir='ltr'>eum,</span> <span class='ocrx_word' id='word_1_238' title='bbox 570 2777 724 2842; x_wconf 85' lang='lat' dir='ltr'>fugam</span> <span class='ocrx_word' id='word_1_239' title='bbox 745 2778 920 2842; x_wconf 88' lang='lat' dir='ltr'>agressi</span> <span class='ocrx_word' id='word_1_240' title='bbox 947 2784 1072 2835; x_wconf 91' lang='lat' dir='ltr'>sunt,</span> <span class='ocrx_word' id='word_1_241' title='bbox 1099 2794 1181 2825; x_wconf 92' lang='lat' dir='ltr'>nec</span> <span class='ocrx_word' id='word_1_242' title='bbox 1206 2783 1311 2841; x_wconf 86' lang='lat' dir='ltr'>post</span> <span class='ocrx_word' id='word_1_243' title='bbox 1339 2792 1464 2823; x_wconf 84' lang='lat' dir='ltr'>eom-</span> 
     </span>
    </p>
   </div>
  </div>
 </body>
</html>
