1923 3358
149 262 252 307 1341]
419 264 789 298 CHRONOGRAPHIA
814 264 967 297 REGUM
992 263 1270 296 FRANCORUM.
1481 261 1542 296 181

213 346 378 392 Comes
399 350 571 399 autem,
595 343 706 391 visis
728 343 894 391 litteris
912 343 1037 407 regis
1057 341 1308 404 auditoque
1327 340 1547 388 mandato

145 421 268 486 ejus,
313 437 400 485 per
431 420 606 467 dictum
647 420 866 468 nuncium
905 419 1153 483 respondit
1186 418 1314 481 quod
1349 417 1548 466 libenter

145 499 233 546 iret
258 498 317 545 ad
343 497 613 545 mandatum
641 497 788 561 regis3
817 496 1137 558 ordinatisque
1163 495 1380 543 omnibus
1406 511 1548 559 nego-

143 575 219 622 tiis
240 575 367 622 venit
386 574 608 621 Parisius¹
638 573 696 620 ad
722 589 883 636 regem
908 572 1096 619 Francie
1121 578 1165 619 et
1186 572 1400 619 salutavit
1418 588 1543 618 eum.

144 652 224 701 Cui
258 668 362 707 rex,
403 649 702 714 presentibus
734 649 947 712 pluribus
972 648 1228 695 baronibus
1256 654 1303 695 et
1336 648 1544 712 prelatis,

144 728 206 776 ait
233 746 242 775 ε
277 747 297 772 <1
328 730 545 791 Magnum
573 725 693 789 injus
719 730 766 772 et
792 741 1013 788 magnam
1040 724 1264 771 offensam
1290 725 1549 772 incurristis

149 824 169 849 (ε
201 804 281 868 qui
308 803 495 851 alterius
515 802 775 850 dominium
794 802 839 848 in
861 818 1007 866 regno
1027 818 1132 848 meo
1152 801 1395 864 rapuistis;
1420 818 1543 858 nam,

149 901 168 925 α
197 887 248 929 ut
273 881 550 928 informatus
585 896 705 936 sum,
735 879 872 926 nichil
905 895 1043 926 causa
1075 878 1325 942 sanguinee
1356 879 1549 942 propin-

149 977 169 1002 «
200 957 389 1021 quitatis
425 956 605 1004 debetis
641 956 813 1004 habere
859 956 906 1002 in
942 955 1226 1003 Britanniam
1272 955 1392 1018 (sie).
1436 955 1549 1012 Quia

148 1054 167 1079 ι(
200 1034 324 1082 enim
370 1033 511 1081 vultis
564 1033 622 1080 ab
683 1033 772 1080 alio
826 1033 1072 1080 extrahere
1131 1032 1303 1079 dictam
1353 1038 1545 1088 terram,

148 1131 168 1156 a
199 1110 483 1167 Edowardo,
504 1111 604 1175 regi
623 1110 803 1175 Anglie‚
828 1109 887 1158 de
903 1127 956 1157 ea
975 1110 1243 1171 homagium
1260 1108 1450 1165 fecistis,
1471 1108 1551 1170 qui

147 1207 167 1232 a
198 1188 334 1252 hujus
354 1204 492 1235 causa
510 1204 597 1234 vos
617 1186 879 1234 confortare
899 1192 946 1234 et
966 1185 1175 1233 auxiliari
1195 1184 1431 1249 promisit.
1460 1202 1481 1227 ³>

208 1265 289 1312 Cui
315 1281 473 1312 comes
507 1283 516 1311 ε
551 1283 571 1308 <‹
605 1264 817 1321 Domine,
848 1280 941 1310 non
967 1263 1168 1312 credatis
1193 1263 1298 1318 ista,
1329 1261 1550 1324 quoniam

148 1361 168 1386 (ς
197 1358 437 1404 nunquam
457 1341 563 1388 talia
584 1341 736 1388 facere
757 1341 1000 1405 proposui.
1025 1344 1139 1387 Nam
1161 1340 1198 1387 si
1219 1340 1277 1386 sit
1293 1338 1459 1401 aliquis
1479 1338 1552 1385 cui

148 1438 168 1463 c<
201 1419 397 1467 ducatus
419 1419 578 1481 potius
603 1418 832 1482 pertineat
859 1434 999 1481 quam
1026 1417 1181 1474 michi⁷
1212 1416 1418 1464 breviter
1445 1431 1552 1462 eum

148 1515 168 1540 <x
199 1495 433 1559 deponam
460 1495 507 1542 in
534 1511 673 1542 manu
703 1512 802 1543 sua.
828 1497 928 1542 Non
949 1494 1074 1542 enim
1095 1493 1237 1541 credo
1267 1508 1552 1557 quemquam

148 1591 168 1616 <1
201 1572 280 1635 qui
298 1578 403 1619 ante
422 1588 496 1619 me
513 1571 686 1619 habere
707 1571 873 1619 debeat
891 1588 1016 1618 eum.
1047 1591 1066 1615 ›>
1092 1571 1171 1619 Cui
1189 1587 1275 1617 rex
1294 1570 1357 1616 ait
1382 1588 1390 1616 :
1420 1589 1439 1613 c<
1463 1573 1552 1616 Pro

148 1668 168 1693 «
200 1655 328 1696 certo
355 1654 560 1704 tenetur,
585 1654 631 1695 et
657 1648 715 1696 de
735 1649 824 1696 hoc
842 1647 1081 1695 informati
1101 1664 1262 1694 sumus
1286 1645 1413 1709 quod
1434 1662 1554 1692 uxor

148 1745 169 1770 (ι
200 1725 358 1774 Karoli
382 1725 612 1773 Blesensis
639 1725 781 1773 debet
806 1742 909 1773 esse
936 1725 1120 1773 ducissa
1144 1723 1427 1771 hereditaria
1452 1722 1553 1769 Bri-

149 1821 169 1847 «
201 1803 375 1850 tannie.
408 1822 428 1847 >³

211 1879 326 1937 Quia
351 1896 464 1944 ergo
491 1896 648 1927 comes
669 1885 860 1927 venerat
881 1879 939 1926 ad
965 1878 1239 1926 mandatum
1262 1877 1376 1941 ejus,
1400 1876 1554 1939 injun-

144 1955 214 2002 xit
233 1956 274 2003 ei
292 1956 548 2019 prisionem
569 1956 616 2003 in
634 1956 835 2004 Parisius
859 1962 905 2003 et
922 1955 1049 2018 quod
1069 1955 1154 2002 sub
1175 1971 1295 2018 pena
1313 1952 1553 2000 amittendi

145 2039 321 2080 terram
351 2049 482 2081 suam
506 2050 599 2080 non
625 2033 774 2080 exiret
804 2033 862 2080 de
896 2033 1079 2079 civitate
1105 2048 1253 2095 usque
1282 2036 1391 2094 post
1419 2029 1553 2093 quin-

145 2200 341 2245 inexacte‚
362 2200 477 2247 qu'on
499 2200 535 2236 la
556 2200 665 2247 place
686 2200 707 2236 a
729 2200 880 2236 l'annee
901 2199 1004 2245 1341,
1027 2198 1187 2246 puisque
1214 2198 1249 2233 le
1276 2197 1349 2233 duc
1375 2197 1475 2233 Jean
1496 2197 1553 2233 ΙΙΙ

146 2269 195 2295 ne
215 2263 371 2295 mourut
392 2269 465 2306 que
485 2259 520 2296 le
542 2259 585 2295 30
608 2259 704 2295 avril
721 2259 823 2305 1341,
843 2270 890 2295 ou
906 2258 1021 2306 qu’on
1038 2256 1228 2293 I‘attribue
1243 2256 1264 2292 a
1278 2256 1429 2292 l’annee
1446 2257 1551 2301 1342,

145 2319 307 2366 puisque
330 2318 459 2355 l’arret
480 2318 525 2354 de
547 2318 746 2364 Conflans,
769 2319 952 2355 excluant
973 2318 1007 2353 le
1033 2322 1157 2353 comte
1178 2316 1224 2352 de
1245 2316 1430 2353 Montfort
1450 2316 1495 2352 de
1517 2317 1552 2352 la

147 2378 372 2415 succession
396 2377 441 2414 de
463 2378 672 2426 Bretagne,
695 2384 753 2415 est
773 2379 822 2414 du
844 2379 863 2413 7
887 2377 1104 2424 septembre
1128 2376 1231 2413 1341.

195 2439 228 2473 1.
251 2437 281 2473 Il
299 2436 392 2473 etait
406 2438 666 2484 accompagne
681 2437 726 2474 de
740 2442 875 2484 quatre
891 2442 1000 2473 cents
1015 2435 1332 2483 gentilshommes
1350 2436 1409 2482 (cf.
1426 2436 1551 2472 Frois-

148 2501 240 2541 sart,
263 2501 290 2532 t.
314 2495 365 2541 Π,
387 2507 423 2541 p.
448 2495 513 2531 103
535 2496 557 2530 a
580 2496 673 2540 105).
697 2496 855 2532 Comme
878 2501 986 2532 notre
1014 2496 1225 2543 chronique
1248 2495 1302 2531 dit
1323 2507 1395 2543 que
1423 2495 1552 2531 l‘arret

149 2554 265 2590 suivit
286 2553 331 2589 de
352 2553 489 2600 quinze
507 2553 615 2600 jours
637 2554 849 2590 l'entrevue
870 2554 918 2589 du
941 2554 997 2589 roi
1017 2559 1053 2589 et
1074 2554 1123 2590 du
1145 2559 1269 2590 comte
1287 2554 1332 2590 de
1354 2553 1551 2599 Montfort,

149 2624 199 2649 on
219 2618 310 2660 peut
330 2624 379 2648 en
401 2613 583 2649 conclure
604 2624 677 2660 que
699 2620 799 2649 cette
819 2619 1006 2649 entrevue
1027 2619 1091 2649 eut
1113 2613 1189 2649 lieu
1211 2614 1245 2648 le
1267 2614 1310 2649 24
1333 2614 1422 2648 aout
1445 2612 1548 2647 1341.

150 2672 326 2708 Certains
349 2677 505 2708 auteurs
528 2672 778 2708 soutiennent
799 2683 871 2720 que
896 2673 928 2708 le
951 2679 1075 2708 comte
1103 2672 1148 2708 de
1176 2673 1360 2709 Montfort
1381 2671 1495 2718 partit
1517 2672 1550 2706 le

152 2731 228 2767 soir
247 2732 387 2777 meme,
409 2730 575 2767 d’autres
596 2731 687 2778 qu‘il
708 2737 807 2768 resta
829 2732 1013 2779 quelques
1032 2732 1138 2778 jours
1159 2742 1312 2768 encore.
