1923 3358
80 288 183 336 1340]
354 291 723 324 CHRONOGRAPHIA
749 292 902 325 REGUM
926 290 1204 324 FRANCORUM.
1411 288 1477 325 115

77 370 310 420 Gerardus
335 371 394 419 de
420 372 694 436 Sapegnies¹
726 378 848 420 esset
873 371 1146 419 castellanus
1177 370 1367 429 castelli,
1398 372 1477 434 qui

77 447 228 496 socius
252 448 350 512 ejus
376 448 550 511 pluries
579 449 623 494 in
650 449 793 495 armis
819 448 986 505 fuerat,
1013 454 1193 496 tantum
1220 448 1326 496 fecit
1350 449 1477 512 quod

75 524 257 573 locutus
277 530 346 572 est
368 525 409 573 ei
426 544 436 580 ;
460 531 505 572 et
523 531 631 589 post
650 525 785 588 plura
805 525 949 572 verba
969 526 1201 588 persuasit
1220 526 1260 572 ei
1281 525 1479 573 reddere

74 602 315 650 castellum
342 602 444 649 duci
471 607 515 648 et
542 601 766 648 darentur
792 601 879 648 sibi
909 601 1071 648 decem
1103 602 1229 649 milia
1260 602 1479 649 florinen-

75 679 195 726 sium
219 678 320 742 (sic)
345 685 393 725 et
418 677 545 740 quod
571 694 659 741 pro
680 679 748 725 sui
771 678 948 724 honore
967 678 1232 740 requireret
1251 686 1356 726 octo
1378 679 1478 726 dies

73 755 379 811 induciarum,
402 771 540 802 causa
565 754 755 818 petendi
782 771 1055 802 succursum
1081 773 1107 801 a
1132 756 1300 802 comite
1326 759 1479 803 Hano-

73 831 148 879 nie
174 837 220 879 et
245 830 372 894 quod
390 830 571 877 veniret
597 830 656 877 ad
690 830 967 878 solvendum
999 830 1320 887 obsidionem3
1352 833 1479 895 quod

73 909 112 956 si
134 925 226 956 non
252 908 438 965 faceret,
467 908 568 971 ipse
594 913 641 955 et
673 908 815 955 ceteri
850 907 1058 965 soldarii,
1086 909 1230 956 finitis
1261 909 1477 966 induciis,

72 986 253 1033 exirent
293 990 339 1032 et
379 985 633 1032 redderent
674 985 913 1034 castellum
951 985 1075 1033 duci.
1113 987 1334 1034 Tamdem
1373 987 1475 1051 (sic)

71 1079 185 1110 vero
211 1069 374 1110 mutuo
400 1063 719 1125 promiserunt
742 1063 828 1111 sibi
854 1064 1160 1126 respondere,
1185 1063 1344 1111 habito
1369 1081 1479 1111 con-

72 1139 172 1187 silio
198 1156 341 1203 super
361 1140 466 1187 hoc.

136 1224 343 1286 Cumque
384 1229 582 1286 uterque
620 1240 751 1271 suam
789 1228 971 1287 partem
1008 1223 1094 1271 sibi
1132 1223 1399 1271 attraxisset
1434 1229 1480 1271 et

69 1316 234 1348 rursus
265 1301 583 1358 convenirent,
614 1301 822 1365 sigillatis
852 1300 1018 1348 litteris
1051 1300 1343 1348 induciarum
1369 1306 1477 1347 octo

70 1377 270 1433 dierum,
294 1377 436 1424 modo
458 1395 552 1440 quo
572 1395 730 1441 supra,
756 1378 1049 1435 castellanus,
1073 1377 1267 1426 dimisso
1287 1378 1477 1425 domino

70 1454 128 1501 de
159 1455 382 1502 Scaillone
413 1455 457 1501 in
492 1455 739 1519 hostiagio,
769 1455 880 1502 abiit
913 1455 971 1502 ad
1001 1455 1220 1503 comitem
1248 1455 1474 1511 Hanonie,

69 1531 148 1594 qui
179 1537 291 1578 tunc
321 1538 420 1578 erat
453 1531 498 1577 in
532 1537 684 1578 castro
718 1547 802 1578 suo
836 1531 894 1578 de
926 1531 1175 1587 Montibus,
1206 1538 1252 1578 et
1285 1531 1403 1578 dixit
1435 1531 1477 1578 ei

69 1608 196 1672 quod
217 1609 321 1672 plus
338 1625 430 1656 non
452 1608 660 1656 valerent
680 1608 895 1655 tollerare
916 1608 1258 1656 multitudinem
1276 1612 1477 1656 Franco-

67 1703 190 1744 rum,
215 1686 294 1750 qui
321 1686 489 1734 cotidie
516 1686 806 1750 augebantur
826 1692 871 1733 et
897 1685 1023 1749 quod
1052 1685 1186 1749 hujus
1209 1702 1347 1732 causa
1368 1685 1476 1733 duci

70 1763 382 1827 promiserant
420 1763 618 1811 reddere
657 1764 919 1819 castellum,
960 1763 1046 1810 nisi
1084 1762 1185 1826 ipse
1223 1763 1341 1810 infra
1380 1762 1479 1810 dies

68 1846 175 1888 octo
202 1840 384 1888 tolleret
410 1839 722 1888 obsidionem.

134 1926 234 1980 Quo
260 1923 416 1970 audito
442 1940 617 1979 comes,
647 1924 853 1986 repletus
880 1924 1039 1971 furore
1069 1939 1255 1987 magno,
1287 1922 1405 1970 dixit
1437 1923 1478 1970 ei

69 2000 195 2063 quod
223 2000 513 2047 considerata
544 2000 815 2048 fortitudine
845 2000 1018 2048 castelli
1053 2006 1100 2047 et
1131 1999 1479 2063 provisionibus

69 2077 127 2124 ad
167 2077 702 2141 superhabundanciam,
746 2084 883 2141 atque
925 2077 1085 2141 paucis
1125 2076 1398 2133 assultibus,
1442 2077 1479 2123 si

70 2154 309 2201 castellum
333 2153 571 2210 redderet,
596 2153 986 2217 quandocumque
1006 2159 1206 2210 teneret,
1231 2169 1336 2200 eum
1360 2152 1479 2199 face-

69 2236 142 2277 ret
172 2230 215 2276 in
251 2230 457 2293 patibulo
490 2230 730 2294 suspendi.
766 2234 823 2277 Et
855 2230 1089 2279 Gerardus
1126 2246 1370 2294 regressus
1409 2235 1480 2277 est

70 2307 367 2355 Valencianas
393 2312 440 2354 et
464 2307 572 2354 inde
598 2307 655 2354 ad
682 2308 1020 2354 Escaudeuvre.

135 2390 309 2438 Deinde
339 2390 480 2437 finitis
516 2395 622 2437 octo
658 2390 839 2447 diebus,
876 2389 1068 2437 tradidit
1101 2390 1339 2437 castellum
1373 2390 1479 2438 duci

70 2485 124 2515 ac
148 2467 325 2530 recepit
353 2466 516 2513 decem
543 2467 666 2514 milia
692 2468 979 2515 florenorum
1006 2483 1110 2514 cum
1135 2467 1293 2531 precio
1320 2467 1480 2531 provi—

73 2545 256 2593 sionum
297 2543 471 2591 ibidem
510 2544 838 2602 existencium,
883 2549 928 2591 et
965 2561 1069 2591 cum
1107 2544 1206 2592 aliis
1244 2544 1475 2601 soldariis,

121 2716 154 2751 1.
178 2715 371 2751 Froissart
393 2714 487 2751 ecrit
515 2714 661 2751 Gerard
689 2714 733 2750 de
764 2714 991 2761 Sassegnies
1017 2714 1089 2759 (ed.
1112 2714 1230 2759 Luce,
1251 2721 1280 2751 t.
1301 2714 1352 2758 II,
1374 2725 1410 2760 p.
1437 2713 1479 2749 19

77 2780 113 2811 et
133 2775 207 2820 20).
