1923 3358
366 259 432 295 338
637 257 1006 290 CHRONOGRAPHIA
1032 256 1185 288 REGUM
1210 255 1489 288 FRANCORUM.
1659 252 1765 300 [1369

363 336 677 403 premeditati,
707 336 863 382 subito
889 335 1010 398 capti
1036 341 1161 390 sunt,
1194 333 1408 382 videlicet
1436 334 1682 383 Nicholaus
1707 335 1767 383 de

360 415 579 470 LovaniO,
597 412 746 467 miles,
764 411 1052 477 gubernator
1070 411 1318 459 comitatus
1338 411 1518 458 Pontivi
1536 416 1583 458 et
1601 412 1769 460 Nicho-

360 493 459 539 laus
478 490 538 538 de
551 488 695 547 Luda,
713 489 981 553 presbyter,
998 488 1314 536 thesaurarius
1334 487 1545 552 ejusdem
1561 504 1620 535 ex
1635 495 1768 552 parte

358 566 483 632 regis
506 565 672 631 Anglie
696 572 743 612 et
768 565 927 629 plures
957 564 1086 621 alii¹;
1116 565 1200 612 sed
1226 564 1464 612 modicum
1500 570 1625 628 post,
1655 564 1770 612 libe-

358 642 446 690 rati
472 642 689 690 abierunt
712 657 799 705 per
823 641 1060 688 Kalesium
1085 641 1132 688 in
1157 641 1388 706 Angliam.

422 722 620 782 Insuper
662 718 769 765 villa
810 717 869 765 de
909 721 1009 766 Rua
1047 717 1230 766 reddita
1273 723 1343 765 est
1383 717 1482 782 regi
1524 717 1766 766 Francie2.

357 795 533 844 Deinde
566 794 716 843 Guido
751 794 809 842 de
843 794 1193 858 Luxemburgo,
1231 810 1390 842 comes
1419 794 1478 841 de
1508 794 1697 859 Ligneio
1725 800 1771 841 et

357 872 415 920 de
432 874 600 920 Sancto
619 872 760 919 Paulo
780 871 965 919 racione
983 871 1144 918 uxoris
1162 887 1262 929 sue,
1287 871 1360 918 cui
1380 875 1506 918 terra
1523 871 1582 919 de
1598 871 1772 936 Ligney

357 949 403 996 in
428 949 690 1005 Barresio3,
718 965 803 1012 per
823 954 1026 995 mortem
1052 948 1126 995 avi
1147 947 1219 995 sui
1239 947 1478 996 Walrandi
1500 947 1558 995 de
1577 951 1772 1010 Lucem-

356 1026 526 1090 burgo,
556 1025 734 1073 domini
766 1024 826 1072 de
858 1025 1082 1089 Ligneyo,
1122 1041 1218 1071 non
1250 1024 1329 1072 diu
1355 1030 1462 1072 ante
1489 1024 1766 1079 obvenerat,

357 1101 416 1148 de
457 1119 548 1164 qua
587 1101 829 1158 Henricus,
874 1100 972 1148 dux
1006 1101 1265 1157 Barrensis,
1311 1100 1585 1148 comitatum
1620 1116 1771 1163 nuper

358 1178 548 1236 fecerat,
583 1184 630 1226 et
661 1195 768 1226 cum
794 1195 850 1226 eo
882 1178 1101 1226 dominus
1131 1178 1411 1235 Ranevallis,
1448 1178 1528 1241 qui
1561 1194 1772 1226 sororem

360 1272 492 1303 suam
518 1256 721 1304 habebat
746 1271 944 1303 uxorem
965 1261 1011 1303 et
1038 1254 1394 1318 prenominatus
1419 1258 1552 1319 Hugo
1578 1254 1637 1302 de
1663 1257 1774 1304 Cas-

360 1332 564 1390 tellione,
593 1332 818 1397 magister
847 1331 1212 1390 balistariorum,
1242 1331 1458 1379 abierunt
1484 1337 1592 1379 ante
1616 1331 1772 1379 villam

361 1409 420 1457 de
451 1412 656 1474 Crotoyo
691 1414 739 1458 et
774 1425 878 1457 eam
912 1409 1023 1456 satis
1058 1409 1151 1456 cito
1187 1408 1556 1472 conquisierunt.
1591 1408 1770 1473 Anglici

359 1503 475 1534 vero
494 1487 574 1550 qui
601 1492 734 1535 erant
758 1487 804 1535 in
832 1487 956 1544 villa,
985 1487 1281 1534 intraverunt
1308 1492 1487 1534 turrem
1515 1504 1525 1534 :
1556 1486 1639 1534 sed
1665 1491 1773 1550 post

361 1564 616 1621 modicum,
641 1563 782 1611 salvis
808 1563 1089 1626 corporibus
1115 1562 1229 1620 suis,
1252 1579 1302 1610 se
1326 1562 1652 1611 reddiderunt.

424 1642 590 1687 Postea
604 1640 765 1687 Franci
785 1640 1002 1687 abierunt
1019 1640 1265 1687 obsessum
1282 1640 1524 1688 castellum
1541 1639 1600 1687 de
1618 1639 1770 1687 Noiel-

362 1716 447 1773 la4,
475 1716 606 1780 cujus
631 1716 906 1764 castellanus
936 1722 1038 1764 erat
1062 1716 1320 1765 Richardus
1350 1717 1408 1764 de
1434 1716 1668 1765 Cobeham
1694 1718 1775 1781 qui

361 1848 646 1896 particularitas
667 1848 732 1896 qui
752 1854 958 1896 marquent
978 1848 1029 1885 ici
1056 1848 1091 1885 la
1117 1848 1307 1885 reddition
1333 1848 1574 1886 d'Abbeville
1595 1849 1652 1895 <⁶29
1679 1849 1776 1886 avril

363 1906 454 1944 1369
475 1936 482 1943 .

411 1967 443 2003 1.
458 1908 659 2003 >Froissart
681 1966 752 2013 (ed.
774 1966 895 2013 Luce,
917 1972 944 2002 t.
968 1966 1058 2013 VII,
1079 1977 1116 2013 p.
1141 1966 1208 2002 112
1229 1971 1266 2002 et
1289 1966 1368 2009 334)
1393 1966 1541 2014 signale
1562 1966 1599 2003 la
1619 1971 1775 2014 capture

363 2026 412 2062 du
434 2026 617 2062 senechal
637 2025 683 2062 de
703 2025 868 2062 Pontieu
891 2025 1049 2062 Nicolas
1070 2025 1116 2062 de
1133 2025 1310 2063 Louvain
1331 2031 1370 2063 et
1390 2026 1486 2063 celle
1506 2025 1597 2063 d'un
1617 2039 1632 2060 (ι
1654 2026 1777 2063 moult

366 2098 381 2118 α
405 2085 513 2121 riche
541 2085 671 2122 clerch
697 2090 735 2121 et
756 2084 918 2122 vaillant
940 2085 1097 2122 homme
1118 2084 1336 2132 durement,
1356 2085 1421 2132 qui
1441 2083 1554 2122 estoit
1574 2085 1776 2123 tresoriers

365 2157 380 2177 «
405 2143 450 2180 de
476 2143 656 2181 Pontieu.
680 2158 696 2178 »
720 2143 780 2180 On
801 2143 880 2181 voit
906 2155 979 2191 que
1008 2149 1119 2180 notre
1146 2144 1360 2191 chronique
1386 2143 1514 2181 donne
1543 2144 1578 2181 le
1609 2155 1701 2182 nom
1730 2143 1776 2181 de

365 2213 408 2238 ce
439 2203 582 2239 second
609 2214 868 2251 personnage,
897 2213 971 2250 que
998 2202 1149 2250 Rymer
1170 2209 1213 2246 (t.
1244 2203 1319 2250 III,
1346 2203 1369 2239 a.
1395 2203 1432 2240 la
1456 2202 1574 2246 table)
1601 2214 1624 2240 a
1642 2204 1776 2240 trouve

366 2271 457 2297 sous
476 2261 513 2296 la
533 2261 653 2298 forme
675 2263 822 2298 Louthe.

413 2319 448 2355 2.
473 2320 556 2356 Rue
580 2320 766 2366 (Summe,
785 2320 1117 2357 arrondissement
1137 2319 1392 2367 d'Ahbeville,
1415 2320 1597 2357 chef-lieu
1616 2319 1662 2357 de
1683 2330 1776 2357 can-

366 2379 446 2423 ton)
469 2389 510 2414 se
531 2378 656 2415 rendit
678 2379 783 2416 aussi
803 2380 837 2416 le
858 2380 901 2416 29
923 2379 1021 2416 avril
1040 2379 1129 2416 1369
1152 2379 1211 2425 (cf.
1235 2381 1396 2418 Grandes
1412 2380 1646 2425 Chroniques,
1664 2379 1776 2425 tvl,

366 2449 403 2484 p.
427 2438 524 2483 2711).

414 2496 448 2531 3.
471 2495 865 2542 Ligny-en-Barrois,
897 2496 1045 2542 Meuse,
1076 2496 1405 2533 arrondissement
1438 2496 1484 2533 de
1514 2495 1775 2539 Bar-le-Duc,

370 2555 557 2591 chef-lieu
579 2554 624 2591 de
645 2561 802 2591 canton.

417 2615 450 2649 4.
475 2614 866 2661 Noyelles-sur-Mer,
881 2615 1052 2661 Somme,
1070 2615 1398 2652 arrondissement
1412 2613 1666 2660 d’Abbeville‚
1682 2623 1775 2649 can-

372 2680 437 2709 ton
465 2673 510 2709 de
538 2673 730 2709 Nouvion.
755 2673 930 2710 Garmias
957 2675 1192 2712 manuscrits
1213 2675 1259 2712 de
1280 2676 1317 2711 la
1341 2676 1549 2719 Chronique
1570 2674 1773 2709 normandc

373 2731 421 2776 (p.
444 2730 520 2776 189)
543 2736 581 2766 et
602 2731 656 2766 les
676 2732 836 2768 Grandes
858 2733 1080 2778 Chroniques
1101 2735 1142 2778 (t.
1160 2732 1228 2779 VI,
1251 2744 1286 2779 p.
1309 2732 1389 2778 272)
1412 2732 1604 2779 appellent
1624 2731 1657 2766 le
1679 2730 1771 2766 cha-
