1923 3358
365 239 432 275 294
635 239 1005 272 CHRONOGRAPHIA
1032 239 1185 271 REGUM
1211 238 1491 271 FRANCORUM.
1663 235 1769 282 [1360

363 340 388 369 a
416 319 618 368 Parisius
642 318 755 365 abiit
780 320 1033 366 Carnotum
1066 324 1113 365 et
1145 334 1311 365 versus
1343 321 1519 365 Bonam
1544 318 1718 368 Vallem
1730 319 1766 366 '¹.

361 396 539 445 Accidit
571 400 726 442 autem
759 411 816 442 eo
857 401 1092 458 tempore,
1137 394 1311 442 scilicet
1347 394 1394 440 in
1435 397 1625 442 Pascate
1663 396 1770 443 anni

360 473 405 521 Mi
429 472 527 521 CCCi
546 471 619 520 in
644 471 772 534 quod
799 472 846 519 in
872 472 1080 520 exercitu
1107 472 1409 536 Anglicorum
1435 477 1539 519 orta
1565 477 1772 536 tempes-

360 555 471 607 tate,
490 548 798 614 grandinibus
822 549 1119 597 validissimis
1139 548 1347 614 graviter
1370 548 1616 606 vulnerati,
1637 548 1772 596 multi

360 643 524 674 eorum
561 642 668 674 cum
705 626 839 690 equis
877 626 1237 690 quamplurimis
1275 626 1602 673 corruerunt2.
1645 628 1772 673 Tunc

359 703 536 768 Anglici
562 703 649 751 hiis
673 703 906 768 lapidibus
926 704 1016 751 cesi
1046 709 1090 750 et
1117 703 1259 751 humo
1288 702 1532 766 prostrati,
1557 701 1772 765 peniten-

358 781 476 828 ciam
499 786 707 845 agentes,
738 781 922 828 veniam
947 780 1324 844 deprecabantur
1350 798 1375 826 a
1400 783 1513 827 Deo.

423 867 548 911 Tunc
583 879 668 909 rex
704 862 868 926 Anglie
905 862 1031 909 misit
1073 862 1253 926 regenti
1292 862 1484 909 Francie
1521 867 1771 909 tractatum

360 940 485 1004 pacis
511 945 556 986 et
579 938 918 1003 redemptionis
943 939 1068 1003 regis
1090 939 1330 997 Johannis,
1352 955 1493 1002 quem
1519 939 1624 986 licet
1647 939 1772 986 refu-

356 1023 501 1065 tasset
522 1023 700 1072 tenere,
731 1022 873 1079 prout
898 1016 1168 1063 ordinatum
1195 1022 1313 1072 erat,
1342 1021 1500 1063 tamen
1527 1016 1647 1063 bene
1672 1015 1771 1063 vel-

356 1095 418 1142 let
443 1099 622 1150 tenere,
644 1093 681 1140 si
699 1093 799 1157 ipse
827 1093 1130 1140 consentiret.
1157 1096 1340 1156 Regens
1367 1092 1491 1139 enim
1515 1092 1770 1140 concorda-

355 1172 422 1219 vit
460 1176 711 1218 tractatum
757 1171 939 1233 pacis33
987 1187 1072 1218 rex
1111 1186 1301 1233 quoque
1344 1169 1507 1233 Anglie
1552 1169 1770 1232 protinus

355 1248 589 1296 Kalesium
617 1253 664 1295 et
688 1247 796 1294 inde
822 1247 868 1294 in
895 1247 1108 1311 Angliam
1135 1263 1355 1294 reversus
1379 1247 1497 1293 est4.

419 1335 660 1379 Tractatus
685 1336 842 1377 autem
876 1331 1003 1393 pacis
1038 1330 1165 1394 regis
1199 1330 1421 1378 Johannis
1455 1329 1578 1376 inter
1613 1334 1770 1377 cetera

355 1408 439 1455 fuit
478 1408 582 1455 talis
620 1407 748 1470 quod
786 1424 872 1454 rex
909 1407 1073 1471 Anglie
1109 1407 1310 1454 debebat
1344 1406 1517 1453 habere
1549 1405 1768 1454 ducatum

355 1485 626 1549 Aequitanie
646 1491 691 1532 et
711 1485 958 1532 comitatus
968 1483 1151 1531 Pontivi
1172 1489 1218 1530 et
1233 1483 1539 1532 Guisnensem
1556 1489 1602 1530 et
1614 1483 1769 1530 villam

355 1561 412 1608 de
433 1561 626 1625 Rupella
639 1563 674 1618 5,
699 1567 745 1608 et
765 1560 864 1607 illas
884 1565 1036 1607 terras
1055 1576 1172 1623 pure
1191 1567 1350 1607 tenere
1371 1565 1595 1622 tanquam
1614 1558 1768 1623 gladio

354 1699 447 1740 sart,
474 1693 533 1729 cd.
557 1694 676 1740 Luce,
704 1698 731 1730 t.
756 1693 804 1738 V,
827 1704 860 1739 p.
887 1705 987 1739 Lxm,
1008 1699 1098 1729 note
1121 1693 1169 1738 3).
1197 1693 1229 1729 Il
1256 1705 1281 1740 y
1309 1693 1490 1740 sejourna
1519 1692 1570 1728 du
1598 1693 1636 1728 11
1662 1703 1767 1729 mars

354 1763 402 1788 au
424 1752 445 1787 6
467 1751 565 1787 avril
587 1753 708 1797 (Ibz'd.,
732 1757 758 1787 t.
786 1751 854 1797 VI,
875 1762 912 1798 p.
934 1763 988 1798 111,
1010 1756 1100 1787 note
1125 1753 1170 1797 1).

400 1818 433 1853 1.
458 1817 680 1863 Bonneval,
712 1817 1011 1864 Eure-et-Loir,
1047 1817 1379 1854 arrondissement
1415 1817 1461 1853 de
1495 1817 1766 1864 Chateaudun,

354 1876 535 1913 chef-lieu
559 1876 605 1913 de
627 1882 785 1914 canton.

399 1941 433 1977 ²2.
459 1940 624 1977 Suivant
643 1940 744 1976 Jean
764 1940 809 1976 de
834 1940 1000 1976 Venette
1027 1941 1250 1986 (Chronique
1277 1943 1392 1977 latine
1423 1942 1465 1977 de
1498 1941 1708 1978 Guillaume
1726 1943 1768 1978 de

351 2001 503 2045 Nanyz's,
532 2005 559 2035 t.
576 1999 628 2045 II,
650 2011 685 2046 p.
704 1999 799 2046 308),
822 1999 964 2046 l’orage
986 2010 1059 2046 que
1081 2006 1193 2036 notre
1215 1999 1428 2048 chronique
1449 2000 1679 2037 mentionne
1702 2007 1768 2037 eut

352 2058 428 2094 lieu
456 2059 490 2095 16
523 2058 564 2094 13
588 2058 698 2094 avril.
731 2058 894 2105 D'apres
924 2058 1130 2103 Froissart,
1158 2058 1214 2094 les
1242 2058 1407 2105 Anglais
1437 2059 1582 2095 etaient
1613 2059 1715 2096 alors
1744 2059 1766 2095 a

351 2117 562 2158 Gallardon
585 2117 657 2163 (ed.
680 2117 800 2164 Luce,
823 2123 850 2153 t.
873 2117 943 2163 VI,
966 2129 1002 2164 p.
1026 2129 1076 2163 1v,
1100 2120 1244 2164 notes).

400 2183 433 2219 3.
456 2182 509 2218 Le
542 2183 677 2229 regent
710 2193 863 2230 envoya
894 2183 1019 2230 parmi
1053 2194 1114 2219 ses
1149 2182 1509 2230 plenipotentiaires
1543 2183 1578 2220 le
1611 2183 1686 2219 sire
1719 2182 1765 2220 de

353 2241 649 2289 Montmoreucy
678 2243 851 2286 (Grandes
880 2242 1119 2287 chroniqaes,
1147 2247 1174 2278 t.
1205 2241 1268 2285 VI,
1299 2253 1333 2289 p.
1360 2242 1455 2286 17⁶2),
1482 2242 1562 2290 qui,
1590 2242 1626 2278 la
1652 2242 1765 2279 veille

352 2300 397 2336 de
419 2312 488 2336 son
504 2300 637 2347 depart
658 2312 752 2347 pour
772 2301 807 2337 le
823 2301 899 2336 lieu
921 2300 987 2337 des
1009 2301 1277 2346 conferenceS,
1293 2301 1537 2337 c'est-a-dire
1558 2301 1652 2338 1626
1667 2301 1762 2338 avril

355 2359 458 2404 1360,
480 2359 623 2395 toucha
646 2359 855 2406 cinquante
880 2370 1027 2406 royaux
1047 2359 1128 2395 d'or
1148 2370 1245 2406 pour
1266 2359 1322 2396 les
1346 2359 1436 2395 frais
1458 2359 1503 2395 de
1525 2370 1594 2396 son
1616 2370 1764 2407 voyage

354 2417 466 2462 (Bibl.
499 2423 594 2462 nat„
627 2417 753 2454 Titres
788 2418 925 2453 scelles
958 2418 1004 2453 de
1037 2417 1328 2463 Clairambault,
1360 2418 1435 2455 vol.
1466 2419 1523 2463 77,
1551 2418 1615 2454 fol.
1644 2417 1761 2456 6053).

353 2477 427 2513 Les
449 2486 542 2523 gens
563 2475 613 2510 du
638 2476 710 2512 duc
736 2477 780 2512 de
802 2477 1041 2514 Normandie
1069 2477 1244 2523 logerent
1265 2477 1287 2513 a
1313 2477 1494 2514 Chartres
1514 2476 1687 2524 pendant
1706 2477 1762 2514 les

354 2534 619 2580 Ηώς-0616116115
643 2536 764 2577 (Ibat,
788 2536 864 2571 vol.
888 2537 945 2580 55,
968 2535 1030 2571 fol.
1056 2535 1173 2582 4221).

402 2598 434 2633 4.
458 2587 637 2633 Edouard
658 2596 714 2632 111
741 2598 984 2645 s'embarqua
1005 2598 1026 2634 ὸ.
1052 2599 1244 2635 Houfleur
1270 2607 1308 2635 ct
1328 2610 1407 2636 non
1431 2611 1498 2647 pas
1519 2599 1541 2634 a
1562 2598 1703 2644 Calais,
1726 2598 1759 2633 le

361 2657 397 2691 19
420 2656 496 2692 mai
518 2656 622 2692 1360.

404 2722 436 2755 5.
460 2721 511 2756 La
536 2722 742 2766 Chroniquo
765 2724 966 2758 nor-mande
987 2728 1037 2769 (p.
1063 2722 1141 2764 153)
1163 2733 1211 2758 ne
1232 2722 1459 2759 mentionne
1481 2722 1517 2758 la
1538 2721 1690 2758 cessiou
1711 2720 1756 2757 de
