1923 3358
189 297 291 343 1340]
463 301 831 334 CHRONOGRAPHIA
858 303 1009 334 REGUM
1035 302 1311 335 FRANCORUM.
1523 299 1584 335 155

249 380 437 428 Interim
463 380 679 428 dominus
710 381 767 428 de
798 382 1156 429 Montemorensi
1185 388 1228 428 et
1259 381 1585 430 Guillebaudus

185 457 243 504 de
280 458 383 504 Tria
418 474 525 505 cum
563 458 771 505 ducentis
809 458 920 504 viris
959 457 1227 521 pugnabant
1266 464 1425 505 contra
1462 475 1586 505 mar-

186 533 372 597 quisum
410 534 718 582 Juliocensem
754 534 799 580 in
837 533 1042 596 quodam
1076 534 1289 592 valcello,
1330 551 1586 598 omnesque

186 610 323 657 occisi
342 615 449 657 sunt
467 615 628 672 preter
643 624 758 658 XXV.
778 609 997 658 Videntes
1014 626 1128 673 ergo
1148 626 1339 657 suorum
1361 617 1582 675 stragem,

185 692 426 734 traxerunt
454 703 503 733 se
525 685 740 732 bellando
760 685 886 748 juxta
907 685 1006 748 iiij⁰r
1027 685 1219 733 arbores
1240 703 1330 749 que
1351 687 1411 735 ibi
1432 693 1582 744 erant,

185 764 248 811 ita
269 769 319 811 ut
340 779 429 810 non
450 767 643 825 possent
665 761 866 826 gravari,
892 762 978 808 nisi
1003 779 1089 825 per
1105 769 1227 809 ante.
1252 763 1318 810 Ibi
1345 763 1423 811 diu
1449 764 1588 812 resis-

186 846 336 888 tentes
361 839 532 886 multos
565 838 850 895 occiderunt,
882 854 1127 901 quousque
1160 856 1252 886 non
1284 840 1471 888 fuerunt
1503 842 1588 889 nisi

187 917 417 981 quinque3
453 921 498 963 et
535 915 741 962 marchio
774 915 1062 973 Jufiocensis,
1096 932 1293 979 parcens
1323 917 1428 974 illis,
1453 917 1590 981 jussit

187 1011 296 1042 suos
315 995 373 1041 ab
393 1010 556 1041 eorum
578 992 689 1040 cede
709 1009 891 1040 cessare
911 998 1050 1056 atque
1070 993 1251 1057 rogavit
1276 1010 1356 1040 eos
1379 994 1589 1058 benigni-

186 1077 258 1117 ter
284 1070 499 1133 quatinus
532 1086 581 1117 se
611 1069 864 1116 redderent
894 1076 937 1117 et
973 1086 1065 1117 non
1094 1087 1142 1118 se
1172 1070 1235 1118 ibi
1268 1071 1589 1134 permitterent

187 1147 350 1194 occidi.
381 1149 479 1204 Quo
505 1146 567 1194 ita
600 1146 739 1203 fact0‚
769 1163 881 1193 mox
912 1146 1045 1194 duxit
1077 1163 1158 1194 eos
1192 1147 1250 1194 ad
1285 1153 1435 1194 castra
1466 1148 1590 1212 regis

187 1224 367 1288 Anglie.

252 1300 438 1348 Interim
469 1316 626 1346 comes
652 1300 856 1347 Hanonie
883 1300 1117 1348 insecutus
1143 1300 1294 1347 fuerat
1320 1301 1590 1364 episcopum

187 1376 488 1424 Leodiensem
523 1393 671 1440 usque
702 1377 760 1424 ad
791 1377 1083 1424 semileucam
1113 1393 1262 1440 prope
1288 1384 1439 1424 castra
1467 1378 1592 1442 regis

187 1453 393 1500 Francie.
432 1453 690 1516 Episcopus
727 1459 883 1500 autem
921 1454 1100 1517 fugiens
1132 1453 1341 1517 repperit
1374 1454 1590 1501 comitem

188 1529 246 1576 de
265 1529 634 1592 Tanquardivilla
662 1536 706 1576 et
728 1530 1002 1587 Johannem,
1026 1530 1190 1577 ducem
1211 1530 1461 1586 Britannie,
1486 1547 1591 1578 cum

189 1606 394 1669 quinque
415 1605 600 1653 milibus
619 1606 731 1653 viris
758 1612 803 1653 et
829 1607 1088 1654 subsidium
1113 1607 1170 1654 ab
1197 1607 1263 1654 eis
1289 1607 1592 1670 proclamavit

189 1688 350 1730 contra
383 1683 601 1730 comitem
634 1683 855 1730 Hanonie.
891 1684 975 1741 Qui
1006 1700 1117 1730 mox
1148 1684 1372 1731 ordinatis
1409 1685 1593 1732 aciebus

189 1760 301 1817 suis,
331 1759 646 1807 Hanonienses
678 1760 888 1807 similiter
914 1760 1084 1808 durum
1115 1760 1237 1808 inter
1268 1778 1317 1808 se
1350 1762 1593 1808 commise-

189 1842 297 1884 runt
321 1836 520 1901 prelium
546 1837 592 1883 in
618 1854 711 1900 quo
744 1853 900 1884 comes
936 1837 1142 1884 Hanonie
1174 1853 1281 1884 cum
1311 1837 1453 1885 multa
1487 1854 1594 1885 suo-

189 1931 293 1962 rum
315 1931 426 1962 nece
442 1914 610 1972 victus,
632 1914 844 1962 celeriter
864 1915 1020 1979 fugam
1041 1931 1290 1979 aggressus
1317 1920 1387 1962 est
1411 1914 1469 1961 ad
1496 1931 1594 1962 cas-

190 1998 263 2039 tra
288 1991 412 2055 regis
437 1991 647 2055 Anglie1.

256 2072 320 2116 Eo
362 2074 471 2114 tunc
510 2067 717 2115 exierant
757 2068 837 2115 filii
880 2068 1181 2132 burgensium
1222 2074 1268 2114 et
1309 2067 1494 2114 soldarii
1535 2066 1592 2113 de

192 2148 397 2192 Tornaco
425 2160 570 2207 usque
597 2144 654 2191 ad
678 2143 840 2191 decem
865 2163 873 2191 :
899 2145 978 2208 qui
998 2144 1242 2191 tendentes
1260 2161 1423 2192 versus
1444 2148 1594 2192 Hano-

193 2221 337 2278 niam,
374 2221 664 2268 intraverunt
702 2221 905 2284 quodam
943 2237 1140 2284 parvum
1178 2237 1359 2267 nemus.
1406 2220 1592 2267 Interim

193 2297 406 2345 transivit
445 2297 566 2345 circa
607 2315 686 2346 eos
726 2315 890 2346 currus
930 2303 1147 2345 oneratus
1186 2298 1326 2344 armis
1364 2297 1594 2345 nobilibus

193 2392 284 2438 que
321 2375 621 2422 mittebantur
652 2376 751 2439 regi
788 2376 950 2440 Anglie
987 2393 1012 2421 a
1044 2374 1276 2422 Ludovico
1313 2374 1370 2422 de
1402 2375 1593 2422 Bavaria

193 2451 251 2497 de
278 2468 371 2513 quo
399 2450 715 2513 supradictum
740 2457 826 2507 est,
857 2451 933 2513 qui
961 2449 1306 2497 conducebatur
1332 2467 1416 2497 sex
1445 2450 1594 2497 homi-

194 2527 330 2575 nibus
366 2543 604 2574 armorum
639 2533 683 2574 et
714 2527 972 2574 vehebatur
999 2533 1198 2589 quatuor
1227 2526 1407 2591 magnis
1440 2526 1589 2589 equiS.

194 2603 415 2652 Exierunt
453 2620 565 2667 ergo
602 2603 680 2666 qui
716 2609 846 2650 erant
884 2603 928 2649 in
965 2619 1158 2650 nemore
1196 2609 1241 2650 et
1277 2603 1513 2651 irruerunt
1547 2602 1592 2648 in

248 2778 277 2813 1.
300 2778 352 2813 Cf.
378 2778 583 2821 Chrmm‘que
604 2779 818 2820 narr-nando,
843 2788 877 2823 p.
904 2776 958 2812 47.
