<?xml version="1.0" encoding="UTF-8"?>
<!DOCTYPE html PUBLIC "-//W3C//DTD XHTML 1.0 Transitional//EN"
    "http://www.w3.org/TR/xhtml1/DTD/xhtml1-transitional.dtd">
<html xmlns="http://www.w3.org/1999/xhtml" xml:lang="en" lang="en">
 <head>
  <title>
</title>
<meta http-equiv="Content-Type" content="text/html;charset=utf-8" />
  <meta name='ocr-system' content='tesseract 3.04.00' />
  <meta name='ocr-capabilities' content='ocr_page ocr_carea ocr_par ocr_line ocrx_word'/>
</head>
<body>
  <div class='ocr_page' id='page_1' title='image "./chronographiareg02mora_0037.png"; bbox 0 0 1923 3358; ppageno 0'>
   <div class='ocr_carea' id='block_1_1' title="bbox 143 286 1543 332">
    <p class='ocr_par' dir='ltr' id='par_1_1' title="bbox 143 286 1543 332">
     <span class='ocr_line' id='line_1_1' title="bbox 143 286 1543 332; baseline 0.001 -8"><span class='ocrx_word' id='word_1_1' title='bbox 143 286 360 332; x_wconf 67' lang='grc'>1330-1337]</span> <span class='ocrx_word' id='word_1_2' title='bbox 416 289 787 323; x_wconf 85' lang='lat' dir='ltr'><strong>CHRONOGRAPHIA</strong></span> <span class='ocrx_word' id='word_1_3' title='bbox 813 290 966 323; x_wconf 87' lang='lat' dir='ltr'><strong>REGUM</strong></span> <span class='ocrx_word' id='word_1_4' title='bbox 992 291 1271 324; x_wconf 86' lang='lat' dir='ltr'>FRANCORUM.</span> <span class='ocrx_word' id='word_1_5' title='bbox 1497 288 1543 325; x_wconf 67' lang='lat'>25</span> 
     </span>
    </p>
   </div>
   <div class='ocr_carea' id='block_1_2' title="bbox 127 370 1546 2431">
    <p class='ocr_par' dir='ltr' id='par_1_2' title="bbox 139 370 1545 495">
     <span class='ocr_line' id='line_1_2' title="bbox 140 370 1545 435; baseline -0.001 -17"><span class='ocrx_word' id='word_1_6' title='bbox 140 370 265 434; x_wconf 91' lang='lat' dir='ltr'>quod</span> <span class='ocrx_word' id='word_1_7' title='bbox 298 370 427 419; x_wconf 80' lang='lat' dir='ltr'>dedit</span> <span class='ocrx_word' id='word_1_8' title='bbox 457 371 695 418; x_wconf 84' lang='lat' dir='ltr'>licenciam</span> <span class='ocrx_word' id='word_1_9' title='bbox 727 371 992 418; x_wconf 86' lang='lat' dir='ltr'>Sarracenis</span> <span class='ocrx_word' id='word_1_10' title='bbox 1025 371 1222 419; x_wconf 89' lang='lat' dir='ltr'>transire</span> <span class='ocrx_word' id='word_1_11' title='bbox 1252 387 1337 435; x_wconf 91' lang='lat' dir='ltr'>per</span> <span class='ocrx_word' id='word_1_12' title='bbox 1370 375 1545 418; x_wconf 88' lang='lat' dir='ltr'>terram</span> 
     </span>
     <span class='ocr_line' id='line_1_3' title="bbox 139 464 290 495; baseline 0 0"><span class='ocrx_word' id='word_1_13' title='bbox 139 464 290 495; x_wconf 85' lang='lat' dir='ltr'>suam.</span> 
     </span>
    </p>

    <p class='ocr_par' dir='ltr' id='par_1_3' title="bbox 131 524 1546 1431">
     <span class='ocr_line' id='line_1_4' title="bbox 203 524 1546 588; baseline 0 -16"><span class='ocrx_word' id='word_1_14' title='bbox 203 528 349 572; x_wconf 87' lang='lat' dir='ltr'>Porro</span> <span class='ocrx_word' id='word_1_15' title='bbox 383 524 600 572; x_wconf 91' lang='lat' dir='ltr'>dominus</span> <span class='ocrx_word' id='word_1_16' title='bbox 624 524 854 571; x_wconf 84' lang='lat' dir='ltr'>Johannes</span> <span class='ocrx_word' id='word_1_17' title='bbox 886 524 1054 588; x_wconf 82' lang='lat' dir='ltr'>Duglas</span> <span class='ocrx_word' id='word_1_18' title='bbox 1085 525 1276 572; x_wconf 88' lang='lat' dir='ltr'>veniens</span> <span class='ocrx_word' id='word_1_19' title='bbox 1306 525 1354 572; x_wconf 92' lang='lat' dir='ltr'>in</span> <span class='ocrx_word' id='word_1_20' title='bbox 1382 524 1546 588; x_wconf 90' lang='lat' dir='ltr'>Hispa-</span> 
     </span>
     <span class='ocr_line' id='line_1_5' title="bbox 138 601 1542 666; baseline 0.001 -18"><span class='ocrx_word' id='word_1_21' title='bbox 138 601 260 648; x_wconf 90' lang='lat' dir='ltr'>niam</span> <span class='ocrx_word' id='word_1_22' title='bbox 286 601 461 648; x_wconf 88' lang='lat' dir='ltr'>invenit</span> <span class='ocrx_word' id='word_1_23' title='bbox 485 616 703 664; x_wconf 82' lang='lat' dir='ltr'>guerram</span> <span class='ocrx_word' id='word_1_24' title='bbox 729 606 968 663; x_wconf 90' lang='lat' dir='ltr'>patentem</span> <span class='ocrx_word' id='word_1_25' title='bbox 993 601 1113 648; x_wconf 83' lang='lat' dir='ltr'>inter</span> <span class='ocrx_word' id='word_1_26' title='bbox 1138 618 1298 666; x_wconf 85' lang='lat' dir='ltr'>regem</span> <span class='ocrx_word' id='word_1_27' title='bbox 1323 601 1542 665; x_wconf 86' lang='lat' dir='ltr'>Hispanie</span> 
     </span>
     <span class='ocr_line' id='line_1_6' title="bbox 137 676 1540 742; baseline 0 -17"><span class='ocrx_word' id='word_1_28' title='bbox 137 683 183 725; x_wconf 93' lang='lat' dir='ltr'>et</span> <span class='ocrx_word' id='word_1_29' title='bbox 216 681 522 733; x_wconf 84' lang='lat' dir='ltr'>Sarracenos;</span> <span class='ocrx_word' id='word_1_30' title='bbox 564 676 742 740; x_wconf 85' lang='lat' dir='ltr'>fuitque</span> <span class='ocrx_word' id='word_1_31' title='bbox 779 677 1034 724; x_wconf 87' lang='lat' dir='ltr'>honorifice</span> <span class='ocrx_word' id='word_1_32' title='bbox 1074 684 1316 742; x_wconf 91' lang='lat' dir='ltr'>susceptus</span> <span class='ocrx_word' id='word_1_33' title='bbox 1352 696 1378 725; x_wconf 92' lang='lat' dir='ltr'>a</span> <span class='ocrx_word' id='word_1_34' title='bbox 1412 694 1540 742; x_wconf 84' lang='lat' dir='ltr'>rege.</span> 
     </span>
     <span class='ocr_line' id='line_1_7' title="bbox 135 753 1545 818; baseline 0 -16"><span class='ocrx_word' id='word_1_35' title='bbox 135 755 241 802; x_wconf 83' lang='lat' dir='ltr'>Dies</span> <span class='ocrx_word' id='word_1_36' title='bbox 269 760 425 802; x_wconf 90' lang='lat' dir='ltr'>autem</span> <span class='ocrx_word' id='word_1_37' title='bbox 455 753 656 801; x_wconf 87' lang='lat' dir='ltr'>bellandi</span> <span class='ocrx_word' id='word_1_38' title='bbox 688 753 920 817; x_wconf 83' lang='lat' dir='ltr'>assignata</span> <span class='ocrx_word' id='word_1_39' title='bbox 953 759 1046 811; x_wconf 92' lang='lat' dir='ltr'>est,</span> <span class='ocrx_word' id='word_1_40' title='bbox 1083 755 1141 801; x_wconf 86' lang='lat' dir='ltr'>ad</span> <span class='ocrx_word' id='word_1_41' title='bbox 1174 771 1339 818; x_wconf 90' lang='lat' dir='ltr'>quam,</span> <span class='ocrx_word' id='word_1_42' title='bbox 1376 755 1545 818; x_wconf 91' lang='lat' dir='ltr'>aptatis</span> 
     </span>
     <span class='ocr_line' id='line_1_8' title="bbox 134 831 1546 894; baseline 0.001 -17"><span class='ocrx_word' id='word_1_43' title='bbox 134 831 342 887; x_wconf 84' lang='lat' dir='ltr'>aciebus,</span> <span class='ocrx_word' id='word_1_44' title='bbox 373 836 602 878; x_wconf 85' lang='lat' dir='ltr'>venerunt</span> <span class='ocrx_word' id='word_1_45' title='bbox 633 848 723 878; x_wconf 87' lang='lat' dir='ltr'>una</span> <span class='ocrx_word' id='word_1_46' title='bbox 755 847 865 894; x_wconf 88' lang='lat' dir='ltr'>pars</span> <span class='ocrx_word' id='word_1_47' title='bbox 897 837 1059 878; x_wconf 87' lang='lat' dir='ltr'>contra</span> <span class='ocrx_word' id='word_1_48' title='bbox 1090 831 1304 888; x_wconf 86' lang='lat' dir='ltr'>alteram,</span> <span class='ocrx_word' id='word_1_49' title='bbox 1338 832 1546 894; x_wconf 88' lang='lat' dir='ltr'>initoque</span> 
     </span>
     <span class='ocr_line' id='line_1_9' title="bbox 134 908 1545 972; baseline 0 -17"><span class='ocrx_word' id='word_1_50' title='bbox 134 908 386 955; x_wconf 80' lang='lat' dir='ltr'>certamine</span> <span class='ocrx_word' id='word_1_51' title='bbox 405 908 553 972; x_wconf 81' lang='lat' dir='ltr'>gravi,</span> <span class='ocrx_word' id='word_1_52' title='bbox 575 925 661 955; x_wconf 84' lang='lat' dir='ltr'>rex</span> <span class='ocrx_word' id='word_1_53' title='bbox 679 908 896 971; x_wconf 91' lang='lat' dir='ltr'>Hispanie</span> <span class='ocrx_word' id='word_1_54' title='bbox 914 908 991 971; x_wconf 89' lang='lat' dir='ltr'>qui</span> <span class='ocrx_word' id='word_1_55' title='bbox 1010 908 1144 955; x_wconf 88' lang='lat' dir='ltr'>valde</span> <span class='ocrx_word' id='word_1_56' title='bbox 1163 914 1351 956; x_wconf 91' lang='lat' dir='ltr'>strenue</span> <span class='ocrx_word' id='word_1_57' title='bbox 1370 908 1545 956; x_wconf 89' lang='lat' dir='ltr'>ibidem</span> 
     </span>
     <span class='ocr_line' id='line_1_10' title="bbox 134 984 1546 1049; baseline -0.001 -16"><span class='ocrx_word' id='word_1_58' title='bbox 134 1002 183 1033; x_wconf 89' lang='lat' dir='ltr'>se</span> <span class='ocrx_word' id='word_1_59' title='bbox 213 984 396 1040; x_wconf 84' lang='lat' dir='ltr'>habuit,</span> <span class='ocrx_word' id='word_1_60' title='bbox 433 1001 577 1032; x_wconf 92' lang='lat' dir='ltr'>unum</span> <span class='ocrx_word' id='word_1_61' title='bbox 611 985 808 1049; x_wconf 80' lang='lat' dir='ltr'>digitum</span> <span class='ocrx_word' id='word_1_62' title='bbox 839 985 898 1032; x_wconf 91' lang='lat' dir='ltr'>de</span> <span class='ocrx_word' id='word_1_63' title='bbox 930 1001 1070 1033; x_wconf 88' lang='lat' dir='ltr'>manu</span> <span class='ocrx_word' id='word_1_64' title='bbox 1105 1003 1187 1033; x_wconf 89' lang='lat' dir='ltr'>sua</span> <span class='ocrx_word' id='word_1_65' title='bbox 1222 985 1375 1032; x_wconf 91' lang='lat' dir='ltr'>amisit</span> <span class='ocrx_word' id='word_1_66' title='bbox 1407 990 1546 1048; x_wconf 91' lang='lat' dir='ltr'>atque</span> 
     </span>
     <span class='ocr_line' id='line_1_11' title="bbox 133 1061 1540 1126; baseline -0.001 -17"><span class='ocrx_word' id='word_1_67' title='bbox 133 1061 350 1109; x_wconf 90' lang='lat' dir='ltr'>dominus</span> <span class='ocrx_word' id='word_1_68' title='bbox 369 1061 603 1110; x_wconf 87' lang='lat' dir='ltr'>Johannes</span> <span class='ocrx_word' id='word_1_69' title='bbox 622 1062 792 1126; x_wconf 83' lang='lat' dir='ltr'>Duglas</span> <span class='ocrx_word' id='word_1_70' title='bbox 812 1079 1062 1125; x_wconf 89' lang='lat' dir='ltr'>percussus</span> <span class='ocrx_word' id='word_1_71' title='bbox 1082 1067 1153 1110; x_wconf 89' lang='lat' dir='ltr'>est</span> <span class='ocrx_word' id='word_1_72' title='bbox 1170 1062 1228 1109; x_wconf 91' lang='lat' dir='ltr'>de</span> <span class='ocrx_word' id='word_1_73' title='bbox 1246 1079 1339 1110; x_wconf 94' lang='lat' dir='ltr'>uno</span> <span class='ocrx_word' id='word_1_74' title='bbox 1358 1062 1540 1118; x_wconf 90' lang='lat' dir='ltr'>baculo,</span> 
     </span>
     <span class='ocr_line' id='line_1_12' title="bbox 131 1138 1544 1203; baseline 0 -18"><span class='ocrx_word' id='word_1_75' title='bbox 131 1138 292 1203; x_wconf 76' lang='lat' dir='ltr'>gallice</span> <span class='ocrx_word' id='word_1_76' title='bbox 313 1138 437 1185; x_wconf 84' lang='lat' dir='ltr'>dicto</span> <span class='ocrx_word' id='word_1_77' title='bbox 459 1138 708 1201; x_wconf 68' lang='lat' dir='ltr'>arohigyaie,</span> <span class='ocrx_word' id='word_1_78' title='bbox 733 1155 819 1202; x_wconf 89' lang='lat' dir='ltr'>per</span> <span class='ocrx_word' id='word_1_79' title='bbox 838 1139 1045 1186; x_wconf 87' lang='lat' dir='ltr'>medium</span> <span class='ocrx_word' id='word_1_80' title='bbox 1072 1139 1284 1203; x_wconf 86' lang='lat' dir='ltr'>corporis</span> <span class='ocrx_word' id='word_1_81' title='bbox 1311 1157 1320 1185; x_wconf 92' lang='lat'><strong>:</strong></span> <span class='ocrx_word' id='word_1_82' title='bbox 1345 1154 1544 1201; x_wconf 89' lang='lat' dir='ltr'>cumque</span> 
     </span>
     <span class='ocr_line' id='line_1_13' title="bbox 131 1214 1538 1279; baseline -0.001 -17"><span class='ocrx_word' id='word_1_83' title='bbox 131 1215 325 1263; x_wconf 74' lang='lat' dir='ltr'>sentiret</span> <span class='ocrx_word' id='word_1_84' title='bbox 361 1215 505 1262; x_wconf 87' lang='lat' dir='ltr'>ictum</span> <span class='ocrx_word' id='word_1_85' title='bbox 543 1216 813 1272; x_wconf 81' lang='lat' dir='ltr'>mortalem,</span> <span class='ocrx_word' id='word_1_86' title='bbox 853 1232 945 1263; x_wconf 91' lang='lat' dir='ltr'>non</span> <span class='ocrx_word' id='word_1_87' title='bbox 986 1216 1091 1279; x_wconf 86' lang='lat' dir='ltr'>plus</span> <span class='ocrx_word' id='word_1_88' title='bbox 1128 1232 1295 1263; x_wconf 86' lang='lat' dir='ltr'>curans</span> <span class='ocrx_word' id='word_1_89' title='bbox 1330 1215 1388 1262; x_wconf 90' lang='lat' dir='ltr'>de</span> <span class='ocrx_word' id='word_1_90' title='bbox 1425 1214 1538 1271; x_wconf 84' lang='lat' dir='ltr'>vita,</span> 
     </span>
     <span class='ocr_line' id='line_1_14' title="bbox 131 1291 1544 1356; baseline -0.001 -17"><span class='ocrx_word' id='word_1_91' title='bbox 131 1292 321 1339; x_wconf 85' lang='lat' dir='ltr'>intravit</span> <span class='ocrx_word' id='word_1_92' title='bbox 364 1309 633 1356; x_wconf 84' lang='lat' dir='ltr'>pressuram</span> <span class='ocrx_word' id='word_1_93' title='bbox 676 1295 1062 1350; x_wconf 69' lang='lat' dir='ltr'>sarracenorum,</span> <span class='ocrx_word' id='word_1_94' title='bbox 1106 1311 1133 1340; x_wconf 90' lang='lat' dir='ltr'>a</span> <span class='ocrx_word' id='word_1_95' title='bbox 1176 1293 1346 1356; x_wconf 91' lang='lat' dir='ltr'>quibus</span> <span class='ocrx_word' id='word_1_96' title='bbox 1388 1291 1544 1339; x_wconf 91' lang='lat' dir='ltr'>subito</span> 
     </span>
     <span class='ocr_line' id='line_1_15' title="bbox 132 1368 582 1431; baseline 0.004 -17"><span class='ocrx_word' id='word_1_97' title='bbox 132 1368 441 1431; x_wconf 87' lang='lat' dir='ltr'>interemptus</span> <span class='ocrx_word' id='word_1_98' title='bbox 465 1369 582 1416; x_wconf 71' lang='lat' dir='ltr'>est1.</span> 
     </span>
    </p>

    <p class='ocr_par' dir='ltr' id='par_1_4' title="bbox 129 1445 1540 1740">
     <span class='ocr_line' id='line_1_16' title="bbox 195 1445 1537 1510; baseline 0.001 -19"><span class='ocrx_word' id='word_1_99' title='bbox 195 1445 500 1491; x_wconf 86' lang='lat' dir='ltr'>Postmodum</span> <span class='ocrx_word' id='word_1_100' title='bbox 527 1462 611 1492; x_wconf 86' lang='lat' dir='ltr'>rex</span> <span class='ocrx_word' id='word_1_101' title='bbox 637 1445 855 1508; x_wconf 84' lang='lat' dir='ltr'>Hispanie</span> <span class='ocrx_word' id='word_1_102' title='bbox 883 1446 990 1494; x_wconf 88' lang='lat' dir='ltr'>fecit</span> <span class='ocrx_word' id='word_1_103' title='bbox 1015 1463 1179 1510; x_wconf 86' lang='lat' dir='ltr'>pacem</span> <span class='ocrx_word' id='word_1_104' title='bbox 1214 1462 1321 1494; x_wconf 88' lang='lat' dir='ltr'>cum</span> <span class='ocrx_word' id='word_1_105' title='bbox 1347 1446 1537 1494; x_wconf 90' lang='lat' dir='ltr'>domino</span> 
     </span>
     <span class='ocr_line' id='line_1_17' title="bbox 130 1522 1538 1587; baseline 0.001 -18"><span class='ocrx_word' id='word_1_106' title='bbox 130 1522 340 1570; x_wconf 69' lang='lat' dir='ltr'>‚Iohanne</span> <span class='ocrx_word' id='word_1_107' title='bbox 357 1522 578 1569; x_wconf 91' lang='lat' dir='ltr'>Manuelis</span> <span class='ocrx_word' id='word_1_108' title='bbox 597 1528 644 1569; x_wconf 90' lang='lat' dir='ltr'>et</span> <span class='ocrx_word' id='word_1_109' title='bbox 660 1523 837 1585; x_wconf 87' lang='lat' dir='ltr'>recepit</span> <span class='ocrx_word' id='word_1_110' title='bbox 857 1523 999 1570; x_wconf 84' lang='lat' dir='ltr'>filiam</span> <span class='ocrx_word' id='word_1_111' title='bbox 1018 1523 1135 1587; x_wconf 83' lang='lat' dir='ltr'>ejus,</span> <span class='ocrx_word' id='word_1_112' title='bbox 1161 1523 1393 1570; x_wconf 85' lang='lat' dir='ltr'>mediante</span> <span class='ocrx_word' id='word_1_113' title='bbox 1415 1526 1538 1586; x_wconf 85' lang='lat' dir='ltr'>Papa</span> 
     </span>
     <span class='ocr_line' id='line_1_18' title="bbox 129 1599 1540 1663; baseline 0.001 -17"><span class='ocrx_word' id='word_1_114' title='bbox 129 1599 397 1647; x_wconf 91' lang='lat' dir='ltr'>Benedicto.</span> <span class='ocrx_word' id='word_1_115' title='bbox 428 1599 603 1646; x_wconf 91' lang='lat' dir='ltr'>Deinde</span> <span class='ocrx_word' id='word_1_116' title='bbox 635 1616 720 1647; x_wconf 84' lang='lat' dir='ltr'>rex</span> <span class='ocrx_word' id='word_1_117' title='bbox 751 1599 988 1663; x_wconf 85' lang='lat' dir='ltr'>Hispanie,</span> <span class='ocrx_word' id='word_1_118' title='bbox 1023 1600 1233 1663; x_wconf 88' lang='lat' dir='ltr'>predicta</span> <span class='ocrx_word' id='word_1_119' title='bbox 1261 1616 1409 1647; x_wconf 81' lang='lat' dir='ltr'>uxore</span> <span class='ocrx_word' id='word_1_120' title='bbox 1441 1600 1540 1663; x_wconf 79' lang='lat' dir='ltr'>ejus</span> 
     </span>
     <span class='ocr_line' id='line_1_19' title="bbox 129 1675 1330 1740; baseline -0.001 -17"><span class='ocrx_word' id='word_1_121' title='bbox 129 1682 333 1731; x_wconf 86' lang='lat' dir='ltr'>mortua,</span> <span class='ocrx_word' id='word_1_122' title='bbox 364 1675 669 1738; x_wconf 84' lang='lat' dir='ltr'>desponsavit</span> <span class='ocrx_word' id='word_1_123' title='bbox 694 1676 837 1723; x_wconf 87' lang='lat' dir='ltr'>filiam</span> <span class='ocrx_word' id='word_1_124' title='bbox 864 1677 990 1740; x_wconf 79' lang='lat' dir='ltr'>regis</span> <span class='ocrx_word' id='word_1_125' title='bbox 1016 1676 1330 1740; x_wconf 74' lang='lat' dir='ltr'>Portugalie2.</span> 
     </span>
    </p>

    <p class='ocr_par' dir='ltr' id='par_1_5' title="bbox 127 1753 1546 2431">
     <span class='ocr_line' id='line_1_20' title="bbox 194 1753 1545 1817; baseline -0.001 -16"><span class='ocrx_word' id='word_1_126' title='bbox 194 1754 290 1801; x_wconf 91' lang='lat' dir='ltr'>Hiis</span> <span class='ocrx_word' id='word_1_127' title='bbox 321 1753 614 1816; x_wconf 88' lang='lat' dir='ltr'>temporibus</span> <span class='ocrx_word' id='word_1_128' title='bbox 646 1753 834 1817; x_wconf 89' lang='lat' dir='ltr'>quidam</span> <span class='ocrx_word' id='word_1_129' title='bbox 867 1754 999 1801; x_wconf 90' lang='lat' dir='ltr'>miles</span> <span class='ocrx_word' id='word_1_130' title='bbox 1032 1753 1090 1800; x_wconf 92' lang='lat' dir='ltr'>de</span> <span class='ocrx_word' id='word_1_131' title='bbox 1122 1756 1311 1817; x_wconf 87' lang='lat' dir='ltr'>Bayona</span> <span class='ocrx_word' id='word_1_132' title='bbox 1336 1769 1545 1800; x_wconf 87' lang='lat' dir='ltr'>commo-</span> 
     </span>
     <span class='ocr_line' id='line_1_21' title="bbox 129 1829 1545 1894; baseline -0.001 -16"><span class='ocrx_word' id='word_1_133' title='bbox 129 1830 324 1878; x_wconf 85' lang='lat' dir='ltr'>daverat</span> <span class='ocrx_word' id='word_1_134' title='bbox 363 1831 462 1894; x_wconf 82' lang='lat' dir='ltr'>regi</span> <span class='ocrx_word' id='word_1_135' title='bbox 500 1830 661 1894; x_wconf 79' lang='lat' dir='ltr'>AnglIe</span> <span class='ocrx_word' id='word_1_136' title='bbox 704 1830 925 1894; x_wconf 82' lang='lat' dir='ltr'>tringinta</span> <span class='ocrx_word' id='word_1_137' title='bbox 965 1830 1091 1877; x_wconf 87' lang='lat' dir='ltr'>milia</span> <span class='ocrx_word' id='word_1_138' title='bbox 1130 1830 1441 1886; x_wconf 85' lang='lat' dir='ltr'>florenorum,</span> <span class='ocrx_word' id='word_1_139' title='bbox 1486 1829 1545 1876; x_wconf 92' lang='lat' dir='ltr'>de</span> 
     </span>
     <span class='ocr_line' id='line_1_22' title="bbox 129 1905 1546 1970; baseline -0.001 -17"><span class='ocrx_word' id='word_1_140' title='bbox 129 1922 223 1969; x_wconf 90' lang='lat' dir='ltr'>quo</span> <span class='ocrx_word' id='word_1_141' title='bbox 252 1906 453 1953; x_wconf 81' lang='lat' dir='ltr'>habebat</span> <span class='ocrx_word' id='word_1_142' title='bbox 483 1906 659 1953; x_wconf 86' lang='lat' dir='ltr'>litteras</span> <span class='ocrx_word' id='word_1_143' title='bbox 688 1906 836 1970; x_wconf 80' lang='lat' dir='ltr'>sigillo</span> <span class='ocrx_word' id='word_1_144' title='bbox 868 1906 1011 1970; x_wconf 83' lang='lat' dir='ltr'>regali</span> <span class='ocrx_word' id='word_1_145' title='bbox 1047 1906 1157 1953; x_wconf 86' lang='lat' dir='ltr'>dicti</span> <span class='ocrx_word' id='word_1_146' title='bbox 1190 1905 1316 1970; x_wconf 81' lang='lat' dir='ltr'>regis</span> <span class='ocrx_word' id='word_1_147' title='bbox 1346 1905 1546 1968; x_wconf 89' lang='lat' dir='ltr'>impres-</span> 
     </span>
     <span class='ocr_line' id='line_1_23' title="bbox 129 1982 1543 2047; baseline -0.001 -17"><span class='ocrx_word' id='word_1_148' title='bbox 129 1999 221 2030; x_wconf 91' lang='lat' dir='ltr'>sas.</span> <span class='ocrx_word' id='word_1_149' title='bbox 245 1984 413 2047; x_wconf 88' lang='lat' dir='ltr'>Elapso</span> <span class='ocrx_word' id='word_1_150' title='bbox 432 2000 633 2046; x_wconf 88' lang='lat' dir='ltr'>namque</span> <span class='ocrx_word' id='word_1_151' title='bbox 654 1983 729 2030; x_wconf 91' lang='lat' dir='ltr'>die</span> <span class='ocrx_word' id='word_1_152' title='bbox 749 1984 809 2031; x_wconf 93' lang='lat' dir='ltr'>de</span> <span class='ocrx_word' id='word_1_153' title='bbox 830 2000 925 2047; x_wconf 91' lang='lat' dir='ltr'>quo</span> <span class='ocrx_word' id='word_1_154' title='bbox 945 1983 1069 2030; x_wconf 89' lang='lat' dir='ltr'>idem</span> <span class='ocrx_word' id='word_1_155' title='bbox 1096 1983 1230 2030; x_wconf 91' lang='lat' dir='ltr'>miles</span> <span class='ocrx_word' id='word_1_156' title='bbox 1257 1983 1374 2029; x_wconf 84' lang='lat' dir='ltr'>solvi</span> <span class='ocrx_word' id='word_1_157' title='bbox 1401 1982 1543 2029; x_wconf 92' lang='lat' dir='ltr'>debe-</span> 
     </span>
     <span class='ocr_line' id='line_1_24' title="bbox 127 2060 1537 2125; baseline -0.001 -18"><span class='ocrx_word' id='word_1_158' title='bbox 127 2065 216 2117; x_wconf 89' lang='lat' dir='ltr'>ret,</span> <span class='ocrx_word' id='word_1_159' title='bbox 241 2060 416 2124; x_wconf 87' lang='lat' dir='ltr'>pluries</span> <span class='ocrx_word' id='word_1_160' title='bbox 437 2060 679 2124; x_wconf 86' lang='lat' dir='ltr'>requisivit</span> <span class='ocrx_word' id='word_1_161' title='bbox 699 2061 797 2125; x_wconf 83' lang='lat' dir='ltr'>regi</span> <span class='ocrx_word' id='word_1_162' title='bbox 817 2061 980 2125; x_wconf 81' lang='lat' dir='ltr'>Anglie</span> <span class='ocrx_word' id='word_1_163' title='bbox 1004 2060 1221 2124; x_wconf 89' lang='lat' dir='ltr'>quatinus</span> <span class='ocrx_word' id='word_1_164' title='bbox 1241 2060 1503 2106; x_wconf 86' lang='lat' dir='ltr'>solveretur</span> <span class='ocrx_word' id='word_1_165' title='bbox 1528 2076 1537 2105; x_wconf 90' lang='lat'>:</span> 
     </span>
     <span class='ocr_line' id='line_1_25' title="bbox 128 2135 1544 2200; baseline -0.001 -17"><span class='ocrx_word' id='word_1_166' title='bbox 128 2153 329 2200; x_wconf 89' lang='lat' dir='ltr'>cumque</span> <span class='ocrx_word' id='word_1_167' title='bbox 354 2137 478 2184; x_wconf 88' lang='lat' dir='ltr'>idem</span> <span class='ocrx_word' id='word_1_168' title='bbox 505 2153 589 2184; x_wconf 82' lang='lat' dir='ltr'>rex</span> <span class='ocrx_word' id='word_1_169' title='bbox 620 2137 762 2184; x_wconf 92' lang='lat' dir='ltr'>nollet</span> <span class='ocrx_word' id='word_1_170' title='bbox 793 2137 975 2184; x_wconf 84' lang='lat' dir='ltr'>solvere</span> <span class='ocrx_word' id='word_1_171' title='bbox 1008 2136 1135 2199; x_wconf 92' lang='lat' dir='ltr'>quod</span> <span class='ocrx_word' id='word_1_172' title='bbox 1162 2135 1363 2183; x_wconf 88' lang='lat' dir='ltr'>debebat</span> <span class='ocrx_word' id='word_1_173' title='bbox 1391 2135 1544 2182; x_wconf 90' lang='lat' dir='ltr'>eidem</span> 
     </span>
     <span class='ocr_line' id='line_1_26' title="bbox 128 2213 1543 2278; baseline -0.001 -18"><span class='ocrx_word' id='word_1_174' title='bbox 128 2213 279 2270; x_wconf 89' lang='lat' dir='ltr'>militi,</span> <span class='ocrx_word' id='word_1_175' title='bbox 303 2213 403 2276; x_wconf 91' lang='lat' dir='ltr'>ipse</span> <span class='ocrx_word' id='word_1_176' title='bbox 429 2214 561 2261; x_wconf 90' lang='lat' dir='ltr'>miles</span> <span class='ocrx_word' id='word_1_177' title='bbox 586 2214 713 2261; x_wconf 83' lang='lat' dir='ltr'>venit</span> <span class='ocrx_word' id='word_1_178' title='bbox 738 2214 797 2261; x_wconf 85' lang='lat' dir='ltr'>ad</span> <span class='ocrx_word' id='word_1_179' title='bbox 824 2230 986 2278; x_wconf 81' lang='lat' dir='ltr'>regem</span> <span class='ocrx_word' id='word_1_180' title='bbox 1012 2213 1219 2269; x_wconf 88' lang='lat' dir='ltr'>Francie‚</span> <span class='ocrx_word' id='word_1_181' title='bbox 1250 2228 1543 2275; x_wconf 88' lang='lat' dir='ltr'>conquerens</span> 
     </span>
     <span class='ocr_line' id='line_1_27' title="bbox 129 2289 1543 2354; baseline -0.001 -17"><span class='ocrx_word' id='word_1_182' title='bbox 129 2290 187 2337; x_wconf 93' lang='lat' dir='ltr'>de</span> <span class='ocrx_word' id='word_1_183' title='bbox 221 2306 331 2354; x_wconf 83' lang='lat' dir='ltr'>rege</span> <span class='ocrx_word' id='word_1_184' title='bbox 365 2290 526 2354; x_wconf 84' lang='lat' dir='ltr'>Anglie</span> <span class='ocrx_word' id='word_1_185' title='bbox 561 2296 608 2337; x_wconf 92' lang='lat' dir='ltr'>et</span> <span class='ocrx_word' id='word_1_186' title='bbox 644 2291 890 2354; x_wconf 87' lang='lat' dir='ltr'>requirens</span> <span class='ocrx_word' id='word_1_187' title='bbox 924 2290 1025 2354; x_wconf 83' lang='lat' dir='ltr'>regi</span> <span class='ocrx_word' id='word_1_188' title='bbox 1062 2290 1252 2338; x_wconf 89' lang='lat' dir='ltr'>Francie</span> <span class='ocrx_word' id='word_1_189' title='bbox 1290 2295 1340 2337; x_wconf 89' lang='lat' dir='ltr'>ut</span> <span class='ocrx_word' id='word_1_190' title='bbox 1377 2289 1423 2336; x_wconf 92' lang='lat' dir='ltr'>in</span> <span class='ocrx_word' id='word_1_191' title='bbox 1454 2289 1543 2336; x_wconf 93' lang='lat' dir='ltr'>hoc</span> 
     </span>
     <span class='ocr_line' id='line_1_28' title="bbox 127 2367 723 2431; baseline 0.003 -18"><span class='ocrx_word' id='word_1_192' title='bbox 127 2373 386 2431; x_wconf 84' lang='lat' dir='ltr'>apponeret</span> <span class='ocrx_word' id='word_1_193' title='bbox 414 2367 723 2415; x_wconf 40' lang='lat' dir='ltr'>remedium&amp;</span> 
     </span>
    </p>
   </div>
   <div class='ocr_carea' id='block_1_3' title="bbox 127 2524 1539 2817">
    <p class='ocr_par' dir='ltr' id='par_1_6' title="bbox 175 2524 1537 2579">
     <span class='ocr_line' id='line_1_29' title="bbox 175 2524 1537 2579; baseline -0.001 -11"><span class='ocrx_word' id='word_1_194' title='bbox 175 2533 207 2568; x_wconf 81' lang='lat'>1.</span> <span class='ocrx_word' id='word_1_195' title='bbox 230 2524 400 2579; x_wconf 86' lang='lat' dir='ltr'>Jacques</span> <span class='ocrx_word' id='word_1_196' title='bbox 421 2532 591 2579; x_wconf 79' lang='lat' dir='ltr'>Douglas</span> <span class='ocrx_word' id='word_1_197' title='bbox 611 2532 710 2579; x_wconf 75' lang='lat' dir='ltr'>perit</span> <span class='ocrx_word' id='word_1_198' title='bbox 731 2543 780 2568; x_wconf 88' lang='lat' dir='ltr'>en</span> <span class='ocrx_word' id='word_1_199' title='bbox 802 2532 890 2568; x_wconf 81' lang='lat' dir='ltr'>effet</span> <span class='ocrx_word' id='word_1_200' title='bbox 911 2532 1007 2568; x_wconf 82' lang='lat' dir='ltr'>dans</span> <span class='ocrx_word' id='word_1_201' title='bbox 1028 2543 1103 2568; x_wconf 88' lang='lat' dir='ltr'>une</span> <span class='ocrx_word' id='word_1_202' title='bbox 1130 2536 1337 2569; x_wconf 82' lang='lat' dir='ltr'>rencontre</span> <span class='ocrx_word' id='word_1_203' title='bbox 1360 2542 1408 2567; x_wconf 87' lang='lat' dir='ltr'>en</span> <span class='ocrx_word' id='word_1_204' title='bbox 1433 2530 1537 2567; x_wconf 84' lang='lat'><strong>1330.</strong></span> 
     </span>
    </p>

    <p class='ocr_par' dir='ltr' id='par_1_7' title="bbox 127 2589 1539 2753">
     <span class='ocr_line' id='line_1_30' title="bbox 174 2589 1539 2637; baseline 0.001 -13"><span class='ocrx_word' id='word_1_205' title='bbox 174 2589 208 2625; x_wconf 74' lang='lat'>⁶2.</span> <span class='ocrx_word' id='word_1_206' title='bbox 234 2589 394 2625; x_wconf 86' lang='lat' dir='ltr'>Alfonse</span> <span class='ocrx_word' id='word_1_207' title='bbox 415 2590 475 2625; x_wconf 83' lang='lat' dir='ltr'>XI</span> <span class='ocrx_word' id='word_1_208' title='bbox 496 2591 638 2637; x_wconf 75' lang='lat' dir='ltr'>epousa</span> <span class='ocrx_word' id='word_1_209' title='bbox 658 2602 707 2627; x_wconf 86' lang='lat' dir='ltr'>en</span> <span class='ocrx_word' id='word_1_210' title='bbox 730 2591 820 2627; x_wconf 69' lang='lat'><strong>1328</strong></span> <span class='ocrx_word' id='word_1_211' title='bbox 844 2591 978 2637; x_wconf 83' lang='lat' dir='ltr'>Marie,</span> <span class='ocrx_word' id='word_1_212' title='bbox 999 2591 1076 2627; x_wconf 89' lang='lat' dir='ltr'>fille</span> <span class='ocrx_word' id='word_1_213' title='bbox 1099 2589 1300 2627; x_wconf 88' lang='lat' dir='ltr'>d’Alfonse</span> <span class='ocrx_word' id='word_1_214' title='bbox 1321 2590 1392 2636; x_wconf 85' lang='lat' dir='ltr'>IV,</span> <span class='ocrx_word' id='word_1_215' title='bbox 1416 2590 1471 2625; x_wconf 86' lang='lat' dir='ltr'>roi</span> <span class='ocrx_word' id='word_1_216' title='bbox 1494 2590 1539 2626; x_wconf 90' lang='lat' dir='ltr'>de</span> 
     </span>
     <span class='ocr_line' id='line_1_31' title="bbox 129 2648 1538 2696; baseline -0.001 -12"><span class='ocrx_word' id='word_1_217' title='bbox 129 2648 324 2695; x_wconf 80' lang='lat' dir='ltr'>Portugal.</span> <span class='ocrx_word' id='word_1_218' title='bbox 349 2648 449 2684; x_wconf 80' lang='lat' dir='ltr'>C&#39;est</span> <span class='ocrx_word' id='word_1_219' title='bbox 479 2648 501 2683; x_wconf 68' lang='grc' dir='ltr'>ἐι</span> <span class='ocrx_word' id='word_1_220' title='bbox 528 2659 570 2684; x_wconf 90' lang='lat' dir='ltr'>ce</span> <span class='ocrx_word' id='word_1_221' title='bbox 594 2648 700 2695; x_wconf 84' lang='lat' dir='ltr'>point</span> <span class='ocrx_word' id='word_1_222' title='bbox 725 2660 797 2696; x_wconf 87' lang='lat' dir='ltr'>que</span> <span class='ocrx_word' id='word_1_223' title='bbox 825 2649 1052 2695; x_wconf 78' lang='lat' dir='ltr'>s&#39;arretent,</span> <span class='ocrx_word' id='word_1_224' title='bbox 1078 2660 1175 2696; x_wconf 90' lang='lat' dir='ltr'>pour</span> <span class='ocrx_word' id='word_1_225' title='bbox 1198 2649 1232 2684; x_wconf 88' lang='lat' dir='ltr'>le</span> <span class='ocrx_word' id='word_1_226' title='bbox 1259 2652 1454 2694; x_wconf 82' lang='lat' dir='ltr'>moment,</span> <span class='ocrx_word' id='word_1_227' title='bbox 1483 2648 1538 2684; x_wconf 91' lang='lat' dir='ltr'>les</span> 
     </span>
     <span class='ocr_line' id='line_1_32' title="bbox 127 2706 1328 2753; baseline -0.001 -11"><span class='ocrx_word' id='word_1_228' title='bbox 127 2706 433 2743; x_wconf 80' lang='lat' dir='ltr'>ressemblances</span> <span class='ocrx_word' id='word_1_229' title='bbox 454 2712 563 2743; x_wconf 79' lang='lat' dir='ltr'>entre</span> <span class='ocrx_word' id='word_1_230' title='bbox 585 2707 639 2742; x_wconf 90' lang='lat' dir='ltr'>les</span> <span class='ocrx_word' id='word_1_231' title='bbox 662 2707 822 2743; x_wconf 70' lang='lat' dir='ltr'>Grandes</span> <span class='ocrx_word' id='word_1_232' title='bbox 843 2708 1065 2753; x_wconf 70' lang='lat' dir='ltr'>Glzroniques</span> <span class='ocrx_word' id='word_1_233' title='bbox 1086 2712 1123 2743; x_wconf 82' lang='lat' dir='ltr'>et</span> <span class='ocrx_word' id='word_1_234' title='bbox 1145 2707 1181 2742; x_wconf 81' lang='lat' dir='ltr'>la.</span> <span class='ocrx_word' id='word_1_235' title='bbox 1203 2707 1328 2742; x_wconf 78' lang='lat' dir='ltr'>notre.</span> 
     </span>
    </p>

    <p class='ocr_par' dir='ltr' id='par_1_8' title="bbox 175 2764 1535 2817">
     <span class='ocr_line' id='line_1_33' title="bbox 175 2764 1535 2817; baseline 0 -17"><span class='ocrx_word' id='word_1_236' title='bbox 175 2765 207 2801; x_wconf 82' lang='lat'>3.</span> <span class='ocrx_word' id='word_1_237' title='bbox 231 2765 324 2801; x_wconf 86' lang='lat' dir='ltr'>MM.</span> <span class='ocrx_word' id='word_1_238' title='bbox 348 2766 458 2817; x_wconf 55' lang='lat' dir='ltr'>Amet</span> <span class='ocrx_word' id='word_1_239' title='bbox 478 2765 522 2801; x_wconf 85' lang='grc' dir='ltr'>Ε.</span> <span class='ocrx_word' id='word_1_240' title='bbox 546 2766 725 2802; x_wconf 88' lang='lat' dir='ltr'>Molinier</span> <span class='ocrx_word' id='word_1_241' title='bbox 745 2772 812 2803; x_wconf 80' lang='lat' dir='ltr'>ont</span> <span class='ocrx_word' id='word_1_242' title='bbox 834 2767 1019 2803; x_wconf 80' lang='lat' dir='ltr'>consacrc</span> <span class='ocrx_word' id='word_1_243' title='bbox 1041 2777 1116 2802; x_wconf 86' lang='lat' dir='ltr'>unc</span> <span class='ocrx_word' id='word_1_244' title='bbox 1138 2766 1278 2812; x_wconf 78' lang='lat' dir='ltr'>longue</span> <span class='ocrx_word' id='word_1_245' title='bbox 1308 2770 1347 2801; x_wconf 82' lang='lat' dir='ltr'>et</span> <span class='ocrx_word' id='word_1_246' title='bbox 1368 2764 1535 2801; x_wconf 77' lang='lat' dir='ltr'>interes-</span> 
     </span>
    </p>
   </div>
  </div>
 </body>
</html>
