1923 3358
378 257 420 293 68
646 255 1015 291 CHRONOGRAPHIA
1041 255 1194 288 REGUM
1220 255 1498 288 FRANGORUM.
1669 251 1773 298 [1339

373 347 419 386 et
439 355 619 387 summa
645 354 749 384 cum
776 334 1067 382 festinatione
1094 335 1152 382 ad
1172 335 1548 383 Albammallam¹
1574 336 1735 400 fugere
1759 353 1767 382 :

371 415 493 462 unde
518 412 692 477 Anglici
726 411 913 458 fuerunt
944 409 1191 457 immodice
1225 410 1500 468 contristati,
1531 427 1638 458 nam
1664 428 1774 458 con-

368 491 519 539 festim
539 489 596 536 ad
618 488 787 535 dictam
814 487 982 535 turrim
1007 493 1325 545 accurrerunt,
1350 487 1525 535 ibidem
1550 505 1627 536 eas
1646 488 1774 535 inve-

368 567 467 614 nire
493 571 536 614 et
563 581 730 628 capere
755 569 992 628 putantes.

429 646 535 691 Mox
572 658 687 689 vero
725 641 958 689 comitissa
996 641 1053 688 ad
1095 640 1334 689 dominum
1379 657 1516 689 suum
1555 641 1772 689 comitem

365 718 804 776 conestabularium,
841 735 924 782 per
955 717 1175 766 festinum
1200 719 1421 766 nuncium
1448 717 1574 782 apud
1600 722 1774 766 Torna-

364 813 469 844 cum
495 801 641 843 totam
665 795 802 860 hujus
827 795 933 842 facti
961 795 1130 843 seriem
1157 795 1359 859 scripsit,
1385 795 1463 859 qui
1487 794 1703 858 protinus
1727 795 1772 841 in

363 874 626 937 glomerosa
661 873 859 920 militum
892 878 937 919 et
973 872 1170 919 aliorum
1207 878 1494 920 armatorum
1533 871 1769 928 comitiva,

362 949 500 996 celeri
541 966 679 997 cursu
721 949 778 996 ad
818 948 1170 997 Albammallam
1211 948 1428 996 accurrit.
1470 949 1508 995 A
1546 964 1637 1010 qua
1675 946 1773 994 sine

362 1043 494 1073 mora
525 1043 632 1074 cum
662 1026 756 1074 suis
789 1025 966 1082 exiens,
1003 1025 1194 1089 Anglos,
1230 1042 1284 1072 eo
1317 1025 1444 1088 quod
1481 1025 1526 1071 in
1562 1041 1692 1071 mare
1724 1041 1773 1071 se

360 1109 669 1160 retraxerant,
706 1101 890 1165 assequi
926 1119 1017 1148 non
1053 1102 1221 1164 potuit,
1257 1101 1404 1149 tristis
1440 1107 1486 1148 et
1516 1101 1680 1149 dolens
1714 1100 1773 1148 de

360 1179 510 1244 patria
537 1197 619 1227 sua
644 1196 786 1243 quam
812 1179 877 1226 sic
902 1178 1122 1226 cernebat
1148 1178 1312 1241 preda,
1337 1178 1443 1242 igne
1464 1183 1511 1225 et
1530 1178 1643 1226 cede
1668 1194 1773 1224 vas-

360 1262 527 1315 tatam,
567 1256 625 1304 ad
663 1256 1015 1303 Albammallam
1059 1255 1222 1311 rediit3
1265 1254 1467 1318 indeque
1511 1255 1768 1310 comitissa,

360 1350 506 1380 uxore
528 1350 626 1389 sua,
648 1332 900 1389 consolata,
921 1348 1028 1379 cum
1047 1331 1143 1379 suis
1165 1331 1222 1379 ad
1244 1335 1504 1379 Tornacum
1521 1331 1768 1379 remeavit.

425 1409 616 1457 Interim
654 1426 768 1456 vero
806 1409 1007 1456 barones
1044 1409 1229 1473 Anglie,
1269 1424 1375 1456 cum
1414 1408 1616 1455 maxima
1653 1407 1773 1456 mul-

360 1486 556 1534 titudine
600 1486 843 1534 hominum
885 1502 1127 1533 armorum
1167 1491 1212 1533 et
1253 1486 1602 1550 sagitariorum,
1647 1484 1772 1548 apud

357 1563 641 1627 Anverpiam
685 1563 961 1626 appulerant
1004 1567 1048 1610 et
1096 1562 1308 1610 similiter
1351 1562 1426 1610 die
1470 1560 1772 1610 Exaltationis

358 1642 520 1688 Sancte
547 1640 733 1689 Crucis2
760 1639 884 1703 apud
911 1639 1166 1688 Lovanium
1189 1639 1247 1687 ad
1268 1655 1430 1704 regem
1455 1655 1592 1687 suum
1616 1655 1772 1686 acces-

359 1719 568 1765 serunt3.

422 1796 535 1842 Cum
561 1794 717 1857 itaque
743 1811 826 1841 rex
850 1794 1012 1859 Anglie
1038 1794 1299 1842 exercitum
1325 1811 1462 1843 suum
1489 1809 1771 1858 congregas-

357 1877 443 1928 set,
476 1870 534 1918 ad
571 1873 938 1927 Cammeracum,
977 1888 1067 1934 que
1104 1871 1265 1918 civitas
1298 1877 1369 1919 est
1404 1870 1609 1934 Imperii,
1647 1869 1770 1933 epis-

355 1965 492 2011 copo,
530 1948 747 2005 scabinis,
786 1948 965 1995 civibus
1001 1954 1048 1995 et
1082 1948 1167 1995 toti
1204 1947 1524 1995 communitati
1560 1946 1769 2010 ejusdem

355 2042 440 2088 per
465 2025 791 2072 embaxatores
823 2041 932 2072 suos
968 2024 1229 2072 litteraliter
1260 2025 1382 2072 inter
1413 2024 1499 2071 alia
1530 2022 1769 2070 mandavit

355 2101 482 2163 quod
509 2108 607 2148 erat
632 2101 831 2149 vicarius
859 2101 1175 2165 imperatoris,
1205 2100 1263 2148 ab
1291 2100 1458 2148 eodem
1483 2100 1767 2164 imperatore

355 2177 590 2224 Ludovico
621 2178 679 2224 de
710 2178 900 2225 Bavaria
933 2194 1018 2241 per
1053 2184 1204 2225 totum
1235 2194 1482 2225 romanum
1514 2176 1767 2241 Imperium

403 2321 435 2356 1.
459 2321 640 2367 Aumalc,
657 2322 1016 2370 Seme-Inferieure,
1034 2322 1365 2359 arrondissement
1380 2322 1424 2358 de
1440 2320 1766 2358 Neufchatel-en-

355 2377 472 2426 Bray,
497 2379 676 2414 chef-lieu
698 2379 742 2415 de
765 2386 922 2417 canton.

401 2437 435 2473 2.
461 2437 500 2472 14
526 2438 742 2483 septembre
767 2439 871 2475 1339.

402 2496 434 2531 3.
460 2495 624 2531 Suivant.
657 2496 847 2532 Froissart
878 2498 948 2542 (ed.
979 2499 1097 2544 Luce,
1126 2504 1152 2534 t.
1183 2498 1215 2543 I,
1243 2509 1279 2544 p.
1309 2499 1470 2542 ccxxm),
1502 2487 1679 2532 Edouard
1708 2495 1766 2531 ΠΙ

354 2554 477 2601 quitta
506 2554 678 2590 Louvain
706 2566 780 2590 aux
808 2556 991 2593 eux-imus
1019 2557 1067 2592 du
1093 2557 1137 2593 24
1156 2557 1241 2603 juin
1264 2556 1354 2592 *1339
1376 2562 1413 2592 et
1436 2567 1475 2592 se
1501 2560 1722 2602 transporta
1743 2554 1765 2589 ἡ

354 2613 551 2658 Vilvorde,
573 2614 659 2660 pres
686 2613 731 2649 de
759 2613 976 2661 Bruxelles,
1000 2618 1046 2652 ou
1068 2615 1094 2650 il
1119 2615 1299 2662 seijourna
1326 2614 1375 2651 du
1399 2615 1442 2651 ‘2⁶2
1464 2613 1590 2660 juillet
1611 2612 1633 2647 a
1655 2613 1689 2647 la
1711 2612 1763 2647 tin

354 2672 493 2707 d'aout.
516 2671 547 2706 Il
569 2682 769 2718 convoqua
790 2683 850 2708 ses
872 2673 980 2709 allies
1004 2672 1274 2720 d'Allemagne
1297 2684 1393 2720 pour
1414 2673 1449 2710 le
1473 2674 1525 2708 1⁰¹·
1546 2670 1762 2718 septembre

355 2729 377 2764 ἐι
400 2729 576 2766 Malincs.
