1923 3358
87 311 305 357 1341-1342]
360 315 730 347 CHRONOGRAPHIA
756 314 908 347 REGUM
934 315 1211 347 FRANCORUM.
1419 311 1485 347 195

85 411 188 441 sum
205 400 291 442 est.
313 397 368 441 Et
389 400 496 457 post
513 394 699 458 longam
715 393 783 442 rei
801 393 1145 451 deductionem,
1167 410 1340 451 comes,
1361 394 1487 441 salva

85 473 179 520 vita
204 489 304 529 sua,
334 471 538 520 reddidit
563 488 612 519 se
638 471 790 519 duci1.

148 551 514 612 Nampnetenses
547 564 662 595 vero
695 547 1001 594 reddiderunt
1033 549 1110 594 562
1143 552 1190 594 et
1219 547 1489 611 homagium

83 625 292 673 fecerunt
323 625 494 673 Karolo
531 624 751 672 Blesensi.
789 628 984 687 Insuper
1020 624 1194 687 Papilio
1228 624 1287 672 de
1322 627 1489 673 Sancto

81 701 485 767 Egidiovreddidit
519 700 758 748 castellum
795 700 949 748 Sancti
983 700 1137 748 Albini
1171 701 1229 748 de
1268 701 1490 750 Cornerio

83 779 235 827 eidem
280 779 473 836 Karolo,
518 778 654 841 eique
703 777 810 824 fecit
854 778 1141 842 homagium.
1190 782 1293 826 Dux
1335 784 1490 826 autem

83 855 316 903 Johannes
346 871 452 903 cum
483 854 653 902 comite
683 854 987 902 Montisfortis
1016 871 1236 903 reversus
1264 861 1336 902 est
1366 856 1491 903 Pari-

83 931 178 979 sius
209 931 268 979 ad
298 931 561 994 Philippum
593 946 771 994 regem,
801 936 989 993 patrem·
1016 947 1169 988 suum,
1205 931 1285 994 qui
1316 930 1491 979 dictum

81 1007 302 1055 comitem
327 1007 640 1071 imprisionari
660 1007 800 1071 jussit
824 1007 870 1054 in
897 1011 1095 1071 Lupara.

147 1084 389 1132 Comitissa
422 1084 740 1142 Montisfortis,
771 1085 922 1132 sciens
953 1085 1174 1131 maritum
1203 1100 1339 1132 suum
1366 1084 1492 1132 Pari-

83 1161 178 1209 sius
197 1161 549 1219 incarceratum,
576 1161 683 1209 fecit
703 1161 809 1209 duci
828 1161 1099 1209 thesaurum
1120 1160 1251 1208 ducis
1271 1164 1293 1208 J
1298 1160 1493 1208 ohannis

82 1238 315 1286 Britannie
336 1238 382 1285 in
403 1238 642 1286 castellum
662 1238 721 1286 de
741 1239 891 1296 Brea,
915 1239 1042 1302 quod
1066 1238 1358 1286 custodiebat
1377 1242 1493 1286 Tan-

82 1315 212 1380 gicus
239 1315 297 1363 de
326 1316 521 1364 Castello
548 1316 709 1373 miles;
740 1316 1042 1380 congregavit
1071 1322 1228 1363 autem
1257 1315 1494 1363 comitissa

81 1391 254 1439 multos
279 1391 491 1439 homines
521 1392 579 1439 de
603 1391 677 1438 illa
703 1391 853 1455 patria
885 1398 931 1438 et
961 1391 1020 1439 de
1050 1391 1292 1439 Flandria3
1320 1398 1366 1438 et
1391 1390 1494 1438 illos

82 1466 208 1515 misit
232 1467 291 1515 ad
317 1467 514 1515 insulam
540 1467 598 1515 de
625 1467 868 1516 Garonda4
890 1483 1031 1530 quam
1058 1466 1424 1531 conquisierunt,
1448 1471 1495 1514 et

81 1544 390 1593 reddiderunt
420 1562 470 1593 se
501 1545 736 1593 comitisse
771 1545 834 1592 illi
867 1545 926 1592 de
962 1545 1128 1593 insula.
1163 1545 1494 1594 Conducebant

83 1622 206 1669 enim
226 1639 307 1669 eos
325 1621 604 1671 Godefridus
624 1622 682 1669 de
699 1622 1034 1679 Maloattractu‚
1056 1621 1195 1669 Fulco
1212 1621 1270 1669 de
1287 1621 1489 1678 Lavallo,

82 1698 307 1746 Henricus
341 1699 400 1746 de
432 1700 744 1762 Campenayo,
782 1698 993 1746 Oliverus
1027 1697 1227 1761 Rigaux,
1263 1697 1494 1745 Dionisius

83 1774 146 1822 du
165 1775 361 1823 Plasseis
387 1781 433 1822 et
458 1776 615 1839 plures
641 1775 714 1822 alii
740 1774 926 1822 milites,
951 1773 1124 1822 Deinde
1149 1774 1363 1822 abierunt
1386 1779 1494 1821 ante

83 1852 240 1900 villam
265 1853 322 1900 de
346 1852 531 1902 Redos5
557 1869 699 1916 quam
724 1852 770 1899 vi
795 1852 1054 1900 assultuum
1080 1857 1322 1915 ceperunt.

133 1988 166 2023 1.
188 1987 381 2024 Froissart
407 1988 572 2024 attribue
599 1988 636 2023 la
660 1987 764 2034 prise
794 1987 840 2024 de
866 1988 1016 2024 Nautes
1045 1987 1067 2022 ὲ
1093 1997 1173 2022 une
1198 1985 1376 2022 trahison
1397 1989 1434 2022 et
1455 1984 1492 2020 la

86 2054 243 2094 capture
263 2047 313 2083 du
335 2053 460 2083 comte
481 2047 527 2084 de
547 2047 732 2084 Montfort
753 2047 775 2082 a
794 2058 871 2083 une
894 2046 1076 2093 surprise.
1093 2046 1148 2081 La
1164 2045 1319 2081 version
1340 2044 1491 2080 donnee

85 2106 135 2142 ici
157 2111 214 2143 est
236 2107 321 2153 plus
343 2106 651 2142 vraisemblable.
674 2106 747 2141 Les
773 2106 935 2142 Grandes
963 2106 1186 2149 Chroniques
1216 2106 1255 2148 (t.
1279 2103 1328 2149 V,
1351 2114 1387 2149 p.
1409 2103 1489 2149 414)

86 2165 318 2202 confirment
338 2170 438 2202 cette
458 2165 632 2201 maniere
654 2164 699 2201 de
721 2165 804 2201 voir
821 2177 828 2200 :
849 2178 864 2198 «
881 2164 913 2200 Il
928 2169 1109 2212 securem
1130 2163 1164 2199 le
1180 2166 1292 2199 conte
1307 2161 1352 2198 de
1368 2161 1493 2197 Mont-

89 2238 103 2258 (ι
128 2225 201 2261 sort
221 2224 286 2272 qui
306 2224 343 2260 la
363 2224 490 2271 estoit,
513 2236 579 2260 sur
599 2224 792 2262 certaines
813 2233 1101 2270 convenances,
1123 2222 1155 2258 si
1176 2232 1326 2258 comme
1342 2231 1491 2258 aucuns

89 2296 104 2317 α
130 2283 306 2320 disoient.
333 2296 348 2318 »

132 2343 167 2379 2.
189 2343 290 2378 Vers
308 2343 342 2378 le
359 2342 401 2378 21
425 2342 635 2379 novembre
658 2342 744 2378 1341
767 2343 817 2384 (v.
841 2352 970 2387 supra,
990 2352 1027 2388 p.
1051 2339 1133 2387 193,
1155 2344 1246 2376 note
1268 2340 1315 2387 3).

137 2402 170 2438 3.
194 2402 249 2437 La
271 2403 317 2438 Ch
325 2405 476 2446 ronique
494 2403 694 2437 normande
709 2407 747 2437 et
762 2401 817 2437 les
832 2402 1034 2436 Anciewzes
1049 2401 1264 2445 chronz’ques
1278 2400 1319 2434 de
1334 2400 1493 2435 Flandre

91 2472 131 2496 se
153 2461 319 2496 hornent
340 2460 362 2496 a
382 2460 461 2496 dire
488 2471 560 2508 que
588 2461 625 2496 la
651 2466 841 2497 comtesse
867 2459 912 2496 de
938 2459 1126 2496 Montfort
1150 2473 1165 2493 α
1196 2458 1388 2496 assembla
1407 2458 1491 2505 plu-

91 2533 105 2553 «
131 2530 238 2555 seurs
260 2519 475 2556 chevaliers
495 2524 532 2555 et
554 2519 763 2555 soudoiers.
789 2533 805 2553 »

138 2578 172 2614 4.
197 2578 403 2614 Guerande
451 2578 851 2623 (Loire-Inferieure‚
897 2577 1225 2614 arrondissement
1269 2577 1316 2613 de
1361 2576 1492 2612 Saint-

91 2636 277 2681 Nazaire,
308 2636 495 2673 chef—lieu
522 2637 568 2672 de
595 2638 748 2682 canton)
780 2636 878 2672 n'est
905 2647 973 2683 pas
999 2647 1075 2672 une
1105 2635 1167 2673 ile.
1197 2636 1254 2672 La
1287 2637 1493 2680 Chronz'que

96 2697 298 2732 normande
318 2700 485 2732 commet
505 2695 542 2731 la
561 2696 689 2732 meme
711 2706 844 2733 erreur
865 2697 979 2741 (anno
1001 2695 1118 2741 1342).

140 2754 175 2790 5.
200 2754 352 2801 Redon,
374 2755 698 2802 Ille-et-Vilaine,
722 2754 907 2792 chef-lieu
927 2754 1308 2791 d'arrondissement.
