1923 3358
175 273 277 318 1328]
451 275 818 308 CHRONOGRAPHIA
844 276 997 308 REGUM
1022 275 1297 308 FRANCORUM.
1549 273 1568 309 9

177 356 282 421 [est]
318 356 364 403 in
394 356 605 404 tentoriis
637 355 748 403 suis.
785 356 978 413 Quidam
1009 361 1163 403 autem
1194 355 1252 403 de
1285 355 1462 403 Gallicis
1494 357 1573 419 qui

173 432 401 496 fugerant,
434 433 552 479 illico
584 432 785 495 regressi
811 438 933 488 sunt,
962 433 1188 495 fingentes
1217 448 1265 479 se
1291 431 1349 479 de
1372 431 1572 479 hostium

172 508 318 572 preda
344 509 520 556 venire.

237 589 289 632 In
306 585 429 633 dicto
446 584 567 631 bello
586 583 713 646 quod
732 583 814 630 fuit
835 599 993 630 mense
1010 585 1234 648 Augusto,
1256 584 1409 649 vigilia
1423 586 1574 633 Sancti

171 661 477 710 Bartholomei
501 659 699 723 apostoli
719 659 823 706 anni
847 660 1095 722 prenotati,
1119 661 1290 708 mortui
1311 666 1417 708 sunt
1441 680 1450 708 τ
1475 662 1575 724 qui-

173 738 280 786 dam
311 737 444 784 miles
475 736 532 784 de
564 736 829 799 Campania,
862 735 1034 782 scilicet
1066 737 1345 800 Reginaldus
1377 737 1434 784 de
1465 742 1571 794 Lor,

171 814 249 877 qui
283 814 365 861 fuit
398 813 606 876 sepultus
638 812 686 858 in
713 814 880 859 Sancto
906 812 1093 859 Bertino
1127 813 1280 860 Sancti
1303 814 1572 870 Audomari,

171 891 429 938 vicecomes
469 889 526 936 de
566 893 757 944 Brosse,
801 905 907 935 cum
951 905 1033 935 sex
1072 888 1169 936 aliis
1213 889 1459 945 militibus,
1498 891 1577 953 qui

171 967 339 1031 sepulti
363 972 469 1014 sunt
489 966 535 1012 in
556 965 819 1030 Cordigeris
836 965 1049 1029 ejusdem
1068 966 1191 1013 ville.
1213 969 1417 1013 Fuerunt
1438 966 1575 1014 etiam

171 1045 245 1092 alii
279 1044 410 1091 multi
444 1044 669 1091 vulnerati
701 1061 709 1089 :
746 1043 961 1091 videlicet
997 1043 1093 1090 dux
1129 1043 1387 1100 Brstannie,
1422 1059 1578 1090 comes

170 1121 317 1177 Bar-ri,
341 1136 497 1167 comes
532 1119 776 1176 Bolonie1;
813 1120 1075 1167 Ludovicus
1101 1120 1240 1167 etiam
1267 1120 1325 1167 de
1353 1120 1578 1168 Sabaudia

170 1199 293 1245 lesus
320 1197 404 1244 fuit
430 1197 476 1243 in
504 1212 660 1250 manu,
691 1196 906 1243 dominus
930 1197 1230 1244 Bouchardus
1252 1197 1309 1243 de
1333 1197 1578 1244 Montimo-

168 1275 293 1322 rensi
315 1274 361 1321 in
388 1274 533 1337 pede3
562 1273 779 1321 dominus
805 1274 1023 1321 Herricus
1048 1274 1106 1321 de
1132 1274 1399 1337 Burgundia
1418 1273 1578 1321 habuit

171 1353 356 1399 oculum
387 1357 598 1408 erutum3
637 1357 682 1398 et
717 1352 874 1414 plures
912 1352 1002 1399 alii.
1046 1356 1109 1399 De
1140 1352 1387 1416 Flamingis
1424 1357 1579 1399 autem

171 1429 274 1492 plus
294 1444 434 1491 quam
459 1443 525 1484 ΧΠ
551 1427 691 1474 millia
713 1429 759 1474 in
786 1445 840 1475 eo
867 1429 1014 1491 prelio
1039 1445 1144 1476 cesa
1171 1431 1323 1476 sunt2.

220 1575 252 1609 1.
277 1572 442 1609 Suivant
462 1573 516 1608 les
538 1574 698 1610 Grandes
720 1574 943 1618 Clzrom'qzces
965 1574 1004 1620 (t.
1023 1574 1072 1615 V,
1087 1585 1119 1620 p.
1140 1574 1218 1616 318)
1242 1580 1278 1610 et
1301 1575 1355 1610 les
1375 1575 1579 1610 Ancztennes

171 1634 388 1677 chroniques
408 1633 449 1667 de
468 1634 627 1668 Flandre
650 1634 771 1677 (Istore
791 1637 824 1668 et
844 1636 1033 1678 cronz'ques
1053 1636 1094 1669 cle
1114 1636 1301 1676 Flandres,
1326 1640 1352 1669 t.
1376 1634 1407 1680 Ι,
1428 1645 1464 1680 p.
1483 1634 1578 1680 346),

172 1702 235 1727 ces
255 1690 349 1727 trois
372 1690 573 1737 seigneurs
595 1690 739 1727 etaient
760 1703 838 1728 non
857 1702 925 1738 pas
946 1691 1105 1737 blesse's,
1128 1692 1225 1727 mais
1246 1692 1429 1728 maladeS.

216 1751 251 1787 2.
275 1750 328 1786 Le
349 1749 623 1786 continuateur
643 1749 688 1785 de
710 1750 929 1787 Guillaume
950 1750 995 1786 de
1015 1751 1164 1797 Nangis
1182 1752 1220 1795 (t.
1238 1750 1290 1796 Π,
1306 1762 1340 1797 p.
1359 1751 1414 1797 99>
1437 1751 1490 1786 dit
1508 1761 1580 1798 que

172 1809 300 1855 11‚547
318 1808 525 1844 Flamands
546 1809 718 1856 perirent
735 1823 749 1842 t<
767 1809 807 1844 in
827 1810 911 1846 loco
931 1809 996 1845 ubi
1019 1810 1222 1846 conflictus
1237 1809 1390 1845 habitus
1411 1810 1578 1846 suerat...

174 1883 189 1903 α
213 1868 384 1916 exceptis
404 1868 464 1904 his
480 1869 559 1915 qui,
574 1879 642 1915 per
656 1868 885 1905 diverticula
900 1868 1106 1916 fugientes,
1124 1869 1280 1904 fuerunt
1301 1868 1419 1904 occisi
1437 1868 1528 1904 hinc
1544 1874 1581 1904 et

174 1942 189 1961 «
213 1927 300 1964 inde
321 1927 606 1964 miserabiliter.
633 1941 647 1961 ι)
672 1927 896 1974 Cependant
916 1928 967 1963 M.
990 1928 1094 1963 Luce
1123 1927 1259 1964 estime
1280 1927 1314 1962 16
1334 1927 1493 1963 nombre
1515 1927 1580 1962 des

171 1990 291 2022 morts
312 1985 333 2021 a
355 1985 460 2032 &19⁶2
485 1999 500 2019 «
525 1986 711 2033 auxquels
732 1986 759 2021 il
780 1986 859 2022 faut
887 1986 1037 2033 ajouter
1060 1986 1115 2021 les
1143 1990 1263 2021 morts
1285 1984 1329 2020 de
1351 1984 1481 2020 Cassel
1502 1996 1580 2021 non

175 2059 191 2079 α
214 2044 379 2092 compris
400 2044 495 2080 dans
516 2045 550 2080 16
573 2046 699 2082 releve
719 2046 879 2081 executa
900 2056 996 2092 pour
1017 2046 1053 2081 la
1073 2044 1261 2081 Chambre
1277 2043 1342 2080 des
1360 2049 1542 2090 comptes.
1562 2057 1577 2078 »

175 2103 392 2150 (Froissart‚
414 2109 441 2139 t.
458 2104 491 2149 Ι,
507 2116 543 2150 p.
563 2105 637 2150 clv,
654 2110 743 2141 note
760 2107 806 2145 1.)
830 2106 883 2141 Le
899 2105 1032 2141 chiffre
1049 2116 1121 2151 que
1142 2104 1268 2139 donne
1290 2104 1326 2139 la
1348 2104 1579 2149 Chronoqra-

168 2163 260 2207 phin
281 2167 338 2198 est
360 2162 637 2199 sensiblement
652 2164 686 2199 16
701 2165 828 2200 meme
843 2175 915 2211 que
932 2165 965 2199 le
980 2163 1146 2210 premier
1162 2162 1206 2198 de
1224 2173 1322 2199 ceux
1343 2174 1415 2209 que
1436 2162 1579 2199 fournit

173 2221 206 2257 16
229 2221 503 2258 continuateur
522 2222 567 2258 de
595 2223 816 2259 Guillaume
843 2223 887 2259 de
914 2222 1077 2269 Nangis,
1106 2227 1143 2258 et
1171 2233 1213 2258 ce
1243 2221 1397 2257 dernier
1426 2222 1576 2258 chroni-

179 2291 301 2328 queur
322 2292 343 2316 a
364 2280 536 2317 d'autant
562 2282 646 2328 plus
674 2282 876 2318 d'autorite
905 2282 996 2329 qu'il
1026 2281 1153 2329 ajoute
1183 2294 1190 2316 ς
1217 2294 1231 2315 «
1256 2281 1369 2318 Unde
1396 2286 1433 2317 et
1455 2282 1580 2328 suspi-

175 2353 191 2372 «
213 2339 373 2375 cabatur
393 2351 578 2376 numerus
594 2341 826 2386 occisorum,
841 2347 922 2377 tam
943 2341 983 2376 in
1005 2341 1087 2377 loco
1104 2340 1308 2376 conflictus
1329 2351 1445 2388 quam
1465 2346 1577 2376 extra

175 2412 191 2431 «
213 2408 280 2444 per
306 2397 548 2443 diverticula,
573 2399 711 2446 viginti
737 2400 859 2435 millia
885 2399 1062 2436 ducentis
1090 2399 1234 2445 minus,
1258 2402 1354 2435 sicut
1376 2411 1439 2434 rea:
1460 2401 1576 2434 Fran-

174 2471 190 2489 «
214 2459 264 2492 cie
294 2459 505 2500 testificatus
530 2461 606 2503 fuit
630 2470 696 2503 per
722 2470 807 2494 suas
838 2461 1022 2503 siqillatas
1057 2461 1197 2494 litteras
1228 2470 1336 2504 super
1366 2459 1429 2493 hoc
1455 2460 1579 2494 abbati

175 2530 190 2549 «
213 2516 342 2551 Sancti
367 2517 537 2561 Dionysii
562 2519 735 2560 directas,
766 2529 856 2563 quas
883 2519 971 2553 vidi.
997 2531 1012 2550 »
1037 2517 1090 2553 Cf.
1119 2519 1362 2562 Bz’bliotlzeque
1383 2519 1423 2552 de
1451 2509 1578 2553 z’Ecole

172 2577 229 2611 des
255 2576 406 2619 chartes,
431 2582 458 2611 t.
481 2576 532 2621 II,
553 2588 590 2623 p.
615 2577 692 2621 169,
717 2579 764 2613 ou
794 2577 820 2611 il
846 2583 903 2612 est
929 2577 1105 2623 question
1135 2576 1180 2613 de
1213 2577 1339 2623 19‚800
1372 2576 1578 2612 Flamands

175 2647 191 2667 «
215 2633 330 2670 occis.
358 2647 372 2667 ³>
402 2633 462 2670 On
490 2645 675 2671 conserve
704 2636 725 2670 ἐι
754 2635 789 2670 la
820 2635 1083 2682 Bibliotheque
1111 2636 1306 2672 nationale
1334 2634 1575 2670 l'inventaire

176 2705 190 2726 α
214 2692 279 2728 des
300 2692 492 2739 heritages
513 2692 579 2729 des
602 2692 807 2728 Flamands
822 2693 907 2729 tuos
923 2693 943 2729 ὰ
958 2694 994 2729 la
1008 2694 1164 2730 bataille
1179 2694 1223 2730 de
1239 2694 1382 2730 Cassel.
1405 2708 1417 2726 »
1436 2693 1575 2738 (Fonds

174 2749 338 2797 francais
360 2750 500 2796 10366.)
