1923 3358
109 274 214 321 1338]
385 278 758 313 CHRONOGRAPHIA
785 281 937 314 REGUM
962 282 1239 315 FRANCORUM.
1468 283 1508 319 61

105 357 312 405 exercitu
344 375 446 415 suo,
480 359 526 406 in
560 376 653 422 quo
685 366 817 407 erant
848 334 953 423 plus
984 377 1124 423 quam
1156 361 1353 409 ducenta
1385 363 1510 410 milia

104 435 329 498 equitum,
359 435 535 498 absque
563 436 773 499 peditum
805 436 1130 484 innumerabili
1162 438 1504 495 multitudine1‚

103 511 335 559 ordinavit
348 529 400 559 ac
415 512 574 560 statuit
586 513 874 576 garnisiones
891 530 1083 560 suorum
1096 514 1337 563 hominum
1353 531 1509 562 armo-

100 604 207 636 rum
232 589 278 636 in
307 588 518 645 urbibus,
548 588 712 635 castris
744 594 790 635 et
821 589 1156 637 munitionibus
1187 591 1431 638 maritimis
1462 596 1509 638 et

100 665 222 712 circa
257 664 519 713 Flandriam
557 669 605 712 et
641 664 919 721 Hanoniam‚
957 682 1044 728 per
1080 666 1160 713 ubi
1198 667 1369 715 inimici
1408 667 1506 732 ejus

97 747 313 805 poterant
353 741 398 788 in
439 757 636 806 regnum
680 757 817 789 suum
858 741 1057 799 intrare,
1102 742 1149 789 in
1189 744 1381 791 modum
1426 744 1505 807 qui

98 819 324 882 sequitur.

159 904 215 948 Et
250 899 405 964 primo
441 899 500 947 ad
538 903 796 949 Tornacum
842 900 973 947 missi
1016 907 1124 948 sunt
1169 918 1326 949 comes
1363 903 1499 966 Augi,

95 977 490 1025 conestabularius
507 978 696 1024 Francie
713 982 758 1024 et
777 977 897 1024 filius
918 979 1016 1039 ejus
1037 994 1194 1025 comes
1216 978 1499 1035 Ghisnensis,

94 1054 310 1102 dominus
343 1054 560 1119 Bellijoci,
590 1054 822 1102 Johannes
851 1054 910 1101 de
940 1054 1172 1102 Cabilione
1198 1060 1245 1102 et
1270 1054 1504 1103 Johannes

94 1131 152 1179 de
171 1131 339 1179 Kaieu2
361 1147 467 1181 cum
486 1131 700 1194 pluribus
721 1131 820 1178 aliis
840 1131 1062 1179 militibus
1081 1137 1178 1179 tam
1200 1131 1258 1179 de
1277 1134 1504 1178 Norman-

94 1207 167 1255 nia
193 1225 334 1271 quam
359 1208 417 1255 de
442 1208 756 1255 Ambianesio.
787 1211 903 1255 Item
930 1208 988 1255 ad
1013 1208 1331 1256 Mauritaniam
1359 1224 1502 1272 super

92 1284 336 1332 Scaldum3
361 1284 647 1349 gubernator
672 1285 974 1333 Tornacensis
999 1290 1046 1333 et
1071 1284 1268 1334 ballivus
1293 1285 1501 1333 Insulen-

90 1435 237 1472 temhre
259 1435 364 1481 1338,
387 1447 434 1472 au
456 1436 582 1472 moins
603 1437 680 1472 tres
701 1446 773 1483 peu
801 1435 846 1472 de
868 1436 976 1483 jours
998 1442 1237 1483 auparavant
1260 1436 1372 1483 (Bibl.
1398 1442 1497 1484 nat.,

90 1494 216 1530 Titres
247 1494 384 1531 scelle's
417 1494 461 1530 de
493 1494 783 1540 Clairambault,
811 1495 886 1531 vol.
917 1495 974 1539 61,
1003 1495 1065 1532 fol.
1096 1496 1215 1541 4715).
1247 1516 1294 1522 —
1319 1496 1422 1532 Rien
1453 1496 1498 1533 de

90 1564 132 1590 ce
152 1553 217 1601 qui
239 1553 313 1590 suit
334 1554 433 1589 n‘est
460 1553 587 1590 donne
614 1553 709 1589 dans
736 1553 791 1589 les
812 1554 1014 1590 Anciennes
1038 1555 1255 1600 chroniques
1277 1556 1318 1590 de
1339 1557 1498 1592 Flandre

89 1614 212 1660 (Istore
233 1617 265 1649 et
284 1616 475 1658 croniques
495 1614 535 1648 de
556 1614 743 1655 Flandres,
766 1617 794 1648 t.
815 1612 846 1657 I,
868 1624 904 1659 p.
929 1613 995 1649 372
1017 1618 1054 1649 et
1074 1613 1172 1658 41⁶2).

136 1672 168 1707 1.
191 1671 244 1707 Le
266 1671 539 1708 continuateur
566 1670 611 1707 de
642 1661 864 1706 Guil'laume
893 1670 938 1706 de
965 1670 1113 1718 Nangis
1143 1672 1181 1718 (t.
1207 1670 1258 1717 ΙΙ,
1280 1682 1314 1717 p.
1341 1671 1419 1717 160)
1443 1670 1498 1707 dit

87 1730 108 1766 ὲ.
129 1729 280 1766 l’anne'e
303 1730 392 1767 1338
417 1743 423 1765 :
450 1743 464 1764 «
488 1730 572 1766 Hoc
599 1729 716 1766 etiam
738 1740 855 1775 anno,
944 1729 1043 1776 apud
1063 1728 1315 1767 Ambianis...
1345 1730 1498 1767 exerci-

89 1802 103 1823 α
127 1794 210 1825 tum
230 1790 341 1837 quasi
360 1789 685 1825 innumerabilem
706 1789 970 1837 congregavit,
994 1794 1035 1825 ut
1056 1800 1134 1825 non
1156 1790 1306 1836 legatur
1327 1789 1495 1837 aliquem

88 1861 102 1882 (ι
126 1859 257 1895 regern
289 1854 369 1885 tam
398 1848 567 1885 validum
597 1859 642 1885 ac
670 1848 984 1895 potentissimum
1013 1859 1283 1895 congregasse.
1312 1862 1326 1882 1›
1348 1848 1395 1884 Je
1417 1849 1494 1885 n’ai

83 1919 151 1955 pas
182 1909 319 1945 trouve
350 1907 395 1944 de
428 1908 647 1955 quittances
680 1907 869 1944 delivrees
901 1907 923 1943 a
956 1907 1022 1943 des
1055 1908 1229 1944 hommes
1269 1907 1435 1944 d’armes
1469 1907 1492 1943 a

83 1965 262 2013 Amiens,
277 1967 625 2014 posterieurement
639 1978 687 2003 au
708 1967 752 2003 ‘20
775 1967 991 2014 septembre
1014 1966 1102 2003 1338
1121 1966 1233 2012 (Bibl.
1251 1971 1349 2012 nat.,
1366 1966 1490 2002 Titres

83 2026 220 2062 scelles
240 2026 285 2062 de
306 2026 597 2073 Clairambault,
619 2027 694 2064 vol.
719 2027 776 2072 16,
804 2026 868 2062 fol.
894 2026 1012 2071 1105),
1036 2036 1078 2062 ce
1100 2025 1164 2072 qui
1186 2024 1397 2072 s'explique
1418 2036 1490 2072 par

84 2096 127 2122 ce
154 2086 221 2122 fait
244 2097 317 2133 que
342 2086 479 2122 l’ordre
505 2086 550 2122 de
577 2085 807 2122 dislocation
828 2085 885 2121 fut
911 2085 1038 2121 donne
1059 2085 1094 2120 le
1118 2084 1160 2120 16
1182 2083 1413 2131 septembre.
1434 2085 1490 2120 Le

83 2144 310 2181 connetable
331 2144 376 2181 de
395 2144 544 2181 France
565 2145 689 2192 quitta
712 2144 878 2181 Amiens
905 2144 940 2180 le
969 2144 1010 2180 18
1039 2142 1194 2180 octobre
1223 2154 1320 2189 pour
1349 2143 1445 2180 aller
1465 2143 1488 2179 ὲ.

82 2204 267 2251 Tournay
289 2203 400 2249 (Bibl.
424 2209 520 2250 nat.,
543 2204 749 2241 collection
770 2203 976 2249 Decamps,
999 2202 1072 2238 vol.
1097 2202 1155 2248 83,
1178 2201 1239 2238 fol.
1263 2202 1332 2239 220
1353 2205 1413 2249 το).

128 2268 162 2303 ⁴2.
190 2268 290 2304 Jean
320 2267 364 2304 de
394 2267 570 2316 Cayeux,
607 2268 789 2316 seigneur
817 2268 862 2304 de
894 2267 1132 2313 senarpont,
1164 2272 1222 2303 est
1251 2267 1410 2315 designe
1436 2278 1485 2304 en

81 2326 159 2362 mai
187 2327 276 2363 1338
304 2338 392 2363 sous
420 2327 454 2363 le
480 2328 568 2364 titre
598 2327 643 2364 de
673 2342 688 2361 «
719 2327 910 2374 capitaine
940 2326 985 2362 de
1011 2337 1080 2372 par
1106 2326 1140 2362 le
1168 2326 1255 2373 Roy
1276 2337 1316 2362 es
1341 2327 1485 2373 parties

84 2385 167 2421 «de
194 2385 380 2421 Flandres
410 2391 447 2422 et
477 2386 521 2422 de
550 2386 777 2423 Tournesis.
803 2399 818 2419 »
853 2385 967 2432 (Bibl.
996 2390 1091 2431 nat.,
1119 2385 1245 2421 Titres
1275 2386 1410 2422 scelles
1439 2386 1484 2423 de

81 2444 375 2492 Clairambault,
402 2445 477 2482 vol.
505 2446 545 2492 5,
578 2446 640 2482 fol.
669 2445 764 2492 239.)
797 2445 830 2480 Il
860 2443 1121 2480 commandait
1150 2444 1436 2482 effectivement
1463 2445 1484 2480 a

32 2521 36 2522 ⁷
81 2503 279 2551 Tournay.

129 2567 161 2603 3.
184 2567 521 2615 Mortagne-Nord,
537 2568 657 2615 Nord,
673 2567 1002 2604 arrondissement
1017 2566 1061 2603 de
1073 2567 1378 2614 ValencienneS,
1392 2579 1485 2604 can-

80 2630 148 2661 ton
167 2625 212 2662 de
234 2626 748 2663 Saint-Amand-les-Eaux.
777 2626 830 2662 Le
864 2626 1058 2662 Chatelain
1087 2626 1132 2662 de
1160 2627 1362 2674 Mortagne
1391 2627 1483 2663 e'tait

80 2684 180 2720 alors
207 2685 427 2722 Guillaume
456 2686 501 2723 de
529 2687 729 2734 Mortagne
763 2685 877 2731 (Bihl.
906 2691 1003 2732 nat„
1037 2685 1241 2722 collection
1274 2686 1482 2736 Decamps,

81 2743 155 2781 vol.
177 2744 236 2792 83,
259 2745 322 2783 fol.
344 2745 412 2782 229
434 2747 502 2792 v0).
