1923 3358
190 257 293 304 1342]
463 260 833 294 CHRONOGRAPHIA
858 262 1011 295 REGUM
1035 263 1314 296 FRANCORUM.
1520 261 1587 298 203

187 339 246 387 ab
283 339 450 387 eodem
492 340 753 404 suscepta¹.
796 341 935 405 Cujus
975 341 1364 390 confederationis
1403 350 1588 406 sumpta

186 416 271 464 fuit
306 417 458 464 littera
491 435 580 481 que
613 418 745 482 jussu
775 418 899 481 regis
934 418 1094 482 Anglie
1128 419 1297 467 tradita
1327 424 1398 467 est
1432 420 1586 467 comiti

187 494 528 542 Saresberiensi
567 494 614 540 in
648 494 924 542 custodiam.
966 495 1141 543 Deinde
1176 512 1261 543 rex
1297 496 1589 544 Edowardus

186 587 272 634 per
297 577 530 619 secretum
561 571 833 618 mandatum
864 571 1098 618 dictorum
1129 572 1327 620 militum
1353 573 1589 620 mandavit

186 647 360 695 bellum
380 647 485 695 duci
508 648 806 704 Normannie,
836 653 886 694 ut
911 664 1019 695 eum
1045 657 1203 711 posset
1228 650 1432 706 vincere,
1462 655 1590 697 ante-

186 741 327 788 quam
358 741 460 781 rex,
498 730 632 787 pater
666 724 782 788 ejus,
820 724 1002 771 veniret
1033 725 1092 771 ad
1119 727 1487 775 succurrendum
1519 727 1585 783 ei3

186 817 294 848 nam
326 817 412 848 rex
442 801 604 865 Anglie
638 800 816 848 sciebat
851 801 979 863 quod
1019 817 1104 848 rex
1142 802 1334 850 Francie
1369 803 1415 850 in
1457 804 1588 851 brevi

184 883 410 925 venturus
446 883 585 925 esset.
620 878 726 925 Dies
768 894 955 941 quoque
990 877 1096 925 belii
1135 879 1366 943 assignata
1403 887 1475 928 est
1515 881 1589 929 die

182 953 310 1003 Jovis
334 959 443 1017 post
469 954 639 1002 festum
665 954 817 1003 Sancti
844 954 1024 1002 Martini
1049 955 1306 1003 hiemalis2.

247 1034 305 1078 Et
327 1047 412 1078 rex
438 1032 645 1088 FrancIe,
669 1031 757 1079 hiis
777 1031 962 1088 auditis,
986 1031 1222 1079 festinavit
1241 1049 1290 1079 se
1315 1033 1361 1079 in
1387 1038 1585 1090 tantum,

183 1106 310 1169 quod
337 1107 463 1154 venit
489 1114 595 1154 ante
621 1108 851 1171 prefixam
879 1107 1003 1154 diem
1027 1107 1086 1155 ad
1106 1114 1257 1155 castra
1282 1108 1362 1155 filii
1387 1109 1457 1156 sui
1483 1125 1589 1156 cum

183 1184 390 1231 exercitu
420 1185 629 1247 copioso.
659 1184 740 1232 Die
764 1201 880 1231 vero
910 1184 1190 1249 assignata-⁹²,
1220 1202 1305 1232 rex
1329 1186 1518 1232 Francie
1545 1192 1591 1232 et

183 1259 304 1308 filius
338 1261 438 1325 ejus
472 1261 754 1308 Normannie
795 1261 888 1308 dux
931 1267 1250 1324 apparuerunt
1289 1262 1337 1309 in
1371 1279 1589 1326 campum

231 1441 263 1476 1.
287 1439 337 1476 Ce
360 1440 451 1488 qu'il
473 1453 497 1488 y
519 1452 540 1477 a
561 1441 607 1477 de
628 1441 711 1478 vrai
736 1441 834 1477 dans
853 1446 937 1478 tout
957 1441 1052 1489 cela,
1079 1442 1171 1478 c’est
1192 1442 1404 1490 qu‘Olivier
1423 1443 1469 1479 de
1490 1443 1589 1479 Clis-

184 1510 255 1536 son
281 1510 395 1547 passa
423 1511 471 1535 au
500 1500 600 1546 parti
630 1500 674 1535 de
705 1500 892 1536 Montfort
911 1511 999 1537 vers
1029 1501 1066 1536 la
1090 1500 1144 1536 fin
1168 1500 1214 1537 de
1242 1501 1450 1537 novembre
1472 1512 1520 1537 ou
1542 1513 1590 1537 au

181 1564 519 1595 commencement
550 1559 594 1595 de
626 1559 830 1596 decembre
861 1559 972 1605 1342,
1004 1571 1155 1596 comme
1187 1560 1270 1597 cela
1300 1561 1442 1597 resulte
1475 1561 1588 1597 d'une

180 1619 293 1654 lettre
314 1609 531 1655 d'Edouard
552 1619 623 1665 III,
645 1618 755 1655 datee
776 1619 822 1654 de
844 1619 880 1654 la
901 1619 1013 1655 veille
1034 1619 1079 1655 de
1100 1620 1137 1655 la
1158 1619 1442 1656 Saint-Nicolas
1471 1622 1504 1665 (5
1525 1620 1590 1656 de-

181 1677 335 1714 cembre
348 1678 466 1724 1342),
479 1679 544 1725 qui
556 1684 614 1714 est
629 1678 726 1714 dans
738 1678 929 1714 l'Historz'a
941 1680 981 1714 de
993 1679 1229 1714 mirabilibus
1240 1682 1346 1724 {sestis
1358 1681 1529 1715 Edzcarclz·
1540 1681 1593 1715 III

182 1735 252 1782 (ed.
275 1736 424 1784 Hearn,
448 1737 552 1783 1720,
573 1748 609 1784 p.
632 1737 688 1783 98)
712 1737 757 1774 de
779 1737 926 1773 Robert
946 1736 1191 1785 d’Avesbury
1214 1737 1275 1784 (cf.
1298 1737 1505 1784 Froissart,
1527 1738 1588 1774 ed.

180 1796 343 1843 Kervyn
363 1795 409 1832 de
430 1796 685 1842 Lettenhove,
706 1802 734 1832 t.
757 1796 828 1843 IV,
844 1808 881 1843 p.
899 1797 993 1840 442).
1016 1797 1070 1832 La
1092 1797 1312 1843 culpabilite
1332 1796 1377 1832 de
1399 1797 1590 1845 Godefroy

181 1853 410 1891 d'Harcourt
430 1861 489 1891 est
509 1866 651 1892 encore
671 1855 799 1892 moins
820 1855 1004 1892 douteuse
1022 1857 1076 1897 (L.
1094 1856 1254 1901 Delisle,
1270 1858 1427 1892 Histoire
1443 1859 1492 1892 du
1507 1857 1590 1892 ohd-

182 1917 265 1949 teau
285 1918 317 1949 et
336 1916 395 1949 cles
414 1917 504 1950 sires
525 1917 565 1950 de
586 1914 960 1951 Saz'nt-Sauz·eur-le-
972 1917 1131 1956 Vicomte,
1156 1927 1191 1961 ι).
1217 1915 1260 1950 52
1281 1915 1302 1949 a
1324 1915 1394 1959 55).

226 1972 262 2008 2.
283 1972 315 2007 ΙΙ
336 1977 394 2008 est
414 1978 498 2009 tout
518 1973 540 2008 ὲ.
560 1973 627 2009 fait
648 1973 869 2020 impossible
891 1964 1135 2021 qu’Edouard
1156 1973 1214 2009 III
1234 1973 1286 2008 ait
1313 1973 1467 2020 assigne
1494 1984 1590 2020 pour

177 2030 266 2078 jour
286 2030 331 2067 de
360 2031 515 2067 bataille
546 2043 594 2068 an
621 2032 693 2068 duc
720 2032 765 2068 de
793 2032 1031 2068 Normandie
1061 2033 1096 2068 16
1119 2032 1225 2079 jeudi
1254 2032 1364 2078 apres
1392 2031 1428 2067 la
1457 2031 1589 2068 Saint-

180 2090 324 2125 Martin
342 2090 489 2126 d'hiver
506 2091 560 2136 (14
582 2091 790 2127 novembre
810 2092 927 2137 1342),
945 2091 1103 2127 attendu
1119 2090 1211 2138 qu’il
1227 2090 1420 2136 debarqua
1437 2089 1458 2125 ὲ
1476 2090 1589 2126 Brest

181 2148 215 2184 16
236 2148 279 2184 30
306 2148 460 2184 octobre
489 2148 721 2194 seulement,
743 2154 793 2194 et,
821 2150 856 2184 le
885 2149 928 2184 12
954 2149 1179 2194 novembre,
1208 2148 1356 2194 d'apres
1384 2159 1459 2184 une
1480 2149 1588 2195 piece

179 2206 330 2253 publiee
350 2217 419 2252 par
439 2206 586 2252 Rymer
615 2209 782 2251 (Foedera,
807 2207 864 2243 ed.
889 2208 994 2253 1821,
1016 2213 1042 2243 t.
1066 2207 1118 2253 ΙΙ,
1139 2207 1178 2242 28
1204 2206 1338 2253 partie,
1360 2218 1395 2253 p.
1421 2207 1540 2253 1213),
1561 2207 1588 2242 il

181 2264 275 2301 etait
295 2275 436 2301 encore
456 2265 478 2300 ὲ
499 2266 535 2301 la
556 2266 718 2313 Rosere,
740 2277 816 2301 aux
837 2266 1021 2303 environs
1043 2265 1088 2301 de
1109 2265 1236 2301 Brest.

229 2323 261 2358 3.
285 2321 392 2358 Cette
419 2323 505 2359 date
532 2330 590 2360 est
617 2324 690 2360 fort
717 2323 911 2370 inexacte,
932 2335 997 2360 car
1024 2324 1058 2360 la
1085 2324 1197 2360 lettre
1224 2313 1439 2361 d‘Edouard
1460 2324 1518 2360 III
1538 2324 1587 2359 du

182 2384 201 2418 5
222 2382 424 2418 decembre
440 2388 490 2424 (v.
507 2382 707 2430 ci—dessus,
733 2389 822 2419 note
840 2385 873 2425 1)
900 2388 1051 2419 montre
1072 2395 1145 2431 que
1166 2384 1201 2419 le
1222 2383 1278 2419 roi
1302 2383 1585 2431 d'Angleterre,

180 2441 245 2488 qui
266 2441 471 2488 assiegeait
492 2442 653 2478 Vannes
674 2443 696 2477 a
717 2448 816 2479 cette
837 2442 938 2488 date,
960 2442 1103 2479 n'avait
1129 2443 1346 2479 nullement
1367 2443 1509 2479 devant
1530 2443 1586 2478 lui

182 2501 204 2535 a
223 2511 265 2536 ce
287 2506 459 2536 moment
481 2500 636 2537 l'armee
658 2500 708 2536 du
728 2501 783 2537 roi
804 2501 849 2537 de
870 2501 1034 2538 France.
1058 2502 1233 2549 Philippe
1253 2502 1298 2538 de
1320 2503 1468 2546 ValoiS,
1490 2513 1585 2538 avec

182 2572 251 2596 son
273 2561 417 2604 armee,
440 2571 488 2595 ne
510 2560 565 2595 fut
585 2571 653 2606 pas
674 2560 695 2595 a
718 2561 910 2596 Ploermel
932 2567 1046 2597 avant
1073 2561 1107 2598 16
1139 2562 1179 2597 14
1207 2561 1410 2598 decembre
1432 2572 1479 2597 au
1501 2561 1586 2607 plus

181 2620 249 2655 tot.
272 2619 360 2655 Une
381 2619 592 2666 chronique
620 2630 816 2667 anonyme
843 2620 951 2667 place
977 2621 1104 2657 meme
1125 2621 1299 2657 l'arrivee
1321 2621 1366 2657 de
1388 2632 1430 2657 ce
1452 2620 1585 2667 princc

181 2689 247 2713 sur
264 2677 300 2713 la
322 2677 431 2713 Loire
453 2689 529 2713 aux
549 2678 732 2714 environs
753 2678 802 2714 du
822 2679 867 2716 25
887 2679 1089 2717 decembre
1111 2679 1328 2725 (Froissart,
1347 2679 1404 2715 ed.
1422 2680 1585 2727 Kervyn

182 2736 226 2772 de
248 2737 501 2783 Lettenhovc,
523 2742 550 2772 t.
573 2737 641 2783 IV,
663 2748 698 2783 p.
722 2737 818 2783 447).
