1923 3358
354 252 419 288 176
619 249 988 284 CHRONOGRAPHIA
1017 249 1169 282 REGUM
1195 248 1474 281 FRANCORUM.
1647 244 1748 290 [1341

415 336 560 380 Porro
580 331 776 379 Karolus
801 330 859 376 de
880 329 1041 385 Blesis,
1067 329 1209 376 frater
1233 345 1485 392 germanus
1511 329 1748 385 Ludovici,

350 410 530 457 comitis
555 406 801 463 BlesensiS,
831 406 996 453 videns
1016 406 1144 469 quod
1170 422 1327 454 comes
1344 406 1646 454 Montisfortis
1663 407 1752 455 sai-

348 487 483 533 sisset
518 484 739 531 ducatum
774 482 1008 530 Britannie
1037 483 1113 546 qui
1145 482 1250 539 sibi,
1281 500 1419 530 causa
1451 482 1613 530 uxoris
1648 500 1747 542 sue,

346 561 657 624 competebat,
689 576 831 623 super
859 561 948 608 hoc
979 561 1234 618 consultus,
1265 577 1466 609 unacum
1491 577 1638 608 uxore
1670 577 1752 608 sua

345 639 456 686 abiit
481 638 539 685 ad
565 637 846 701 Philippum,
876 655 1036 703 regem
1060 638 1266 694 Francie,
1290 637 1572 685 avunculum
1593 654 1746 695 suum,

344 732 396 763 ac
432 721 716 779 conquestus
749 721 821 762 est
846 715 887 762 ei
922 715 980 762 de
1008 715 1177 762 comite
1203 714 1506 763 Montisfortis
1536 731 1592 762 eo
1620 715 1749 778 quod

342 792 573 857 rapuisset
590 791 811 840 ducatum
826 791 1059 839 Britannie
1080 791 1167 839 sibi
1184 796 1548 855 competentem,
1568 791 1748 839 ratione

342 869 502 917 uxoris
529 886 634 927 sue,
672 870 799 933 quod
830 869 976 916 eciam
1011 868 1163 916 dictus
1198 885 1356 916 comes
1388 868 1525 916 nichil
1560 868 1750 916 omnino

342 946 535 995 deberet
569 952 729 1011 petere
770 946 815 993 in
856 946 1027 994 ducatu
1057 951 1102 993 ct
1143 946 1270 1008 quod
1310 946 1511 993 barones
1545 951 1592 993 et
1625 951 1751 993 terre

341 1024 651 1072 inhabitantes
692 1023 843 1072 eidem
879 1022 1147 1087 homagium
1186 1023 1415 1080 fecerant3
1458 1022 1751 1086 supplicabat

341 1101 482 1166 igitur
509 1101 609 1165 regi
642 1106 693 1148 ut
718 1099 792 1165 jus
829 1116 965 1148 suum
997 1099 1244 1147 roboraret
1276 1105 1500 1164 tanquam
1529 1099 1749 1147 dominus

345 1195 455 1227 suus
476 1178 715 1242 proprius.

406 1260 503 1304 Rex
518 1255 674 1318 itaque
690 1254 859 1302 auditis
875 1253 1139 1318 hujusmodi
1156 1253 1460 1317 querimoniis
1475 1253 1719 1318 respondit
1735 1271 1743 1301 :

346 1352 367 1377 «
391 1332 533 1380 Miror
561 1349 651 1395 qua
675 1331 855 1378 ratione
876 1331 1095 1379 ducatum
1120 1331 1354 1378 Britannie
1381 1331 1620 1394 requiritis
1643 1347 1749 1379 cum

343 1429 363 1454 «
395 1426 551 1457 comes
571 1408 873 1456 Montisfortis
895 1409 1039 1456 frater
1055 1408 1195 1456 fuerit
1209 1408 1339 1456 ducis
1356 1412 1380 1457 J
1385 1408 1580 1456 ohannis
1599 1425 1749 1472 nuper

342 1506 361 1531 <‹
395 1486 597 1534 defuncti
620 1491 665 1533 et
682 1485 938 1533 avunculus
955 1485 1115 1533 uxoris
1138 1485 1338 1533 vestre1.
1371 1505 1392 1530 »
1417 1486 1496 1533 Cui
1514 1486 1711 1533 Karolus
1734 1503 1743 1532 :

341 1583 361 1608 <1
393 1563 612 1621 Quamvis
644 1563 706 1610 ita
740 1563 798 1610 sit
832 1562 959 1625 quod
992 1579 1149 1610 comes
1184 1562 1486 1610 Montisfortis
1511 1562 1571 1610 sit
1602 1562 1746 1610 frater

342 1660 361 1683 «
395 1640 524 1687 ducis
550 1656 700 1702 nuper
731 1639 959 1696 defuncti,
997 1656 1089 1686 non
1123 1645 1280 1687 tamen
1315 1655 1586 1704 germanus.
1629 1642 1745 1687 Nam

343 1736 363 1761 α
393 1722 527 1780 pater
553 1716 652 1780 ejus
678 1734 703 1763 a
729 1733 810 1764 sua
838 1722 986 1763 matre
1007 1723 1279 1781 segregatus
1305 1723 1376 1764 est
1403 1723 1453 1764 ut
1479 1716 1700 1780 patebit2.

407 1813 426 1837 <‹
449 1794 656 1842 Condam
676 1793 799 1840 enim
818 1793 861 1840 in
880 1793 1112 1841 Britannia
1132 1794 1321 1856 quidam
1339 1793 1434 1842 dux
1453 1794 1538 1840 fuit
1553 1793 1744 1841 nomine

341 1891 359 1915 «
393 1871 641 1925 Johannes,
668 1876 800 1934 pater
819 1870 1042 1919 Johannis
1061 1870 1192 1918 ducis
1213 1887 1363 1935 nuper
1385 1870 1638 1918 defuncti3.
1664 1871 1746 1919 Hic

341 1967 361 1992 «
393 1964 500 1996 cum
519 1964 741 2012 magnum
760 1953 946 2012 tempus
967 1948 1224 2012 peregisset
1247 1964 1353 1995 cum
1367 1964 1514 1996 uxore
1535 1965 1635 2005 sua,
1660 1964 1746 1995 nec

340 2045 359 2069 «
391 2025 566 2073 liberos
602 2025 660 2072 de
698 2041 836 2072 carne
875 2025 1067 2089 propria
1100 2031 1396 2089 procrearet,
1443 2025 1566 2073 unde
1601 2025 1741 2073 ambo

340 2121 360 2146 <‹
393 2102 595 2150 maxime
616 2101 851 2159 dolebant,
876 2102 1005 2149 vovit
1023 2105 1119 2149 Deo
1140 2102 1262 2150 inter
1281 2119 1388 2150 suas
1407 2119 1591 2166 preces,
1616 2101 1743 2166 quod

385 2262 417 2297 1.
442 2261 549 2297 Cette
573 2263 898 2299 reconnaissance
919 2263 968 2299 du
991 2262 1089 2299 droit
1103 2262 1147 2297 de
1162 2262 1262 2298 Jean
1277 2262 1323 2298 de
1338 2262 1522 2298 Montfort
1543 2273 1612 2310 par
1632 2262 1666 2299 le
1688 2262 1742 2298 roi

337 2321 381 2357 de
403 2321 550 2357 Franco
573 2322 670 2358 n'est
691 2323 957 2370 mentionnee,
980 2333 1276 2370 croyons-nous,
1293 2333 1366 2369 que
1387 2322 1484 2358 dans
1506 2322 1542 2358 la
1562 2322 1741 2369 presente

337 2380 561 2427 chronique.

382 2440 416 2475 2.
440 2439 548 2475 Gette
570 2440 743 2485 legende,
772 2442 1015 2477 absolument
1044 2441 1292 2488 mutastique,
1315 2441 1446 2477 n‘offre
1473 2451 1546 2489 que
1575 2441 1739 2484 l'interet

334 2498 466 2544 d'etre,
485 2498 522 2545 je
543 2498 657 2544 crois,
679 2499 820 2536 inedita
844 2502 902 2546 (cf.
928 2500 1134 2547 Froissart,
1157 2500 1214 2537 ed.
1233 2501 1394 2548 Kervyn
1415 2500 1460 2537 de
1483 2501 1737 2546 Lettenhove,

335 2562 362 2593 t.
386 2557 456 2602 IV,
479 2568 513 2603 p.
538 2556 631 2602 435).

383 2616 414 2651 3.
439 2616 492 2651 Le
523 2616 611 2661 pere
641 2615 686 2650 dc
710 2616 809 2652 Joan
839 2618 910 2664 III,
941 2618 1014 2655 duc
1041 2618 1086 2655 de
1112 2618 1322 2665 Bretfagnffi
1349 2618 1395 2655 de
1422 2618 1512 2665 Gui,
1542 2622 1666 2654 comte
1693 2615 1737 2652 dc

335 2675 580 2719 Ponthievre‚
614 2680 651 2710 ct
681 2675 725 2711 de
756 2676 871 2722 Jean,
903 2683 1027 2713 comto
1061 2677 1106 2713 dc
1138 2678 1334 2723 Montfort‚
1367 2688 1416 2714 ne
1446 2676 1641 2724 s'appelait
1670 2685 1736 2721 pas

335 2735 458 2769 Jean:
483 2734 610 2770 c’etait
633 2734 777 2770 Arthur
797 2734 846 2780 II,
869 2736 931 2782 qui
955 2737 1009 2771 sut
1029 2736 1101 2772 duc
1123 2737 1166 2772 de
1190 2737 1384 2783 Bretagne
1406 2736 1452 2771 de
1476 2735 1564 2772 1305
1585 2734 1606 2769 ὲ
1634 2734 1732 2770 1312.
