1923 3358
141 274 244 319 1338]
416 276 786 310 CHRONOGRAPHIA
812 277 965 310 REGUM
991 276 1267 309 FRANCORUM.
1498 274 1541 310 49

200 360 373 404 Ferunt
400 356 612 419 quidam1
642 357 967 404 exaltationem
996 357 1115 405 illius
1141 357 1300 406 Jacobi
1325 357 1384 404 de
1408 359 1542 405 Arte-

135 432 253 479 vella
278 431 458 495 cepisse
486 449 572 495 per
598 432 737 479 alium
764 432 976 488 modum,
1004 432 1177 480 scilicet
1202 432 1346 496 quod,
1374 433 1541 481 eodem

134 513 347 572 tempore
371 526 464 572 quo
491 508 590 572 iiij⁰r
616 509 809 556 artificia
839 509 1052 556 Flandrie
1079 509 1339 567 cessabant,
1370 516 1422 557 ut
1446 510 1542 558 dic-

132 589 233 632 tum
268 591 355 642 est,
389 586 489 648 ipse
521 584 640 631 dixit
671 585 952 647 quibusdam
982 585 1040 632 de
1075 586 1405 634 communitate
1438 586 1542 634 ville

133 662 505 711 Gandavensium
537 661 664 724 quod
692 662 726 708 si
760 661 1007 708 crederent
1043 662 1101 719 ei,
1134 663 1250 711 bene
1283 669 1542 728 apponeret

132 739 392 786 remedium
419 737 545 801 quod
578 737 898 795 marcimonie,
930 738 1047 785 sicut
1078 739 1226 801 prius,
1256 741 1469 788 venirent
1494 741 1540 788 in

131 815 394 864 Flandriam
435 819 481 862 et
524 814 650 878 quod
692 814 917 879 Flamingi
958 815 1278 864 mendicantes
1321 817 1368 863 in
1413 823 1540 864 terra

128 894 275 941 aliena
298 892 692 956 revert[er]entur
717 893 762 939 in
788 893 1052 940 Flandriam
1078 899 1124 940 et
1150 894 1277 957 quod
1305 895 1343 942 si
1369 896 1542 942 vellent

129 987 236 1017 eum
257 970 438 1034 juvare,
469 970 557 1016 hoc
585 969 631 1016 in
658 969 791 1016 brevi
817 969 875 1017 ad
908 970 1126 1017 effectum
1158 970 1422 1020 reduceret.
1454 972 1539 1029 Qui

129 1045 303 1103 statim,
338 1046 427 1092 hoc
457 1045 633 1101 audito,
670 1045 936 1110 rogitabant
967 1063 1074 1094 eum
1109 1052 1159 1094 ut
1189 1064 1238 1094 se
1276 1047 1536 1110 expediret,

129 1122 435 1185 promitentes
461 1122 501 1169 ei
530 1122 754 1170 auxilium
781 1140 868 1186 pro
896 1123 1075 1171 viribus
1101 1124 1333 1171 conferre.

192 1199 397 1247 Audiens
425 1199 581 1262 itaque
606 1199 804 1247 ballivus
829 1200 936 1247 ville
958 1200 1130 1248 dictam
1157 1202 1536 1259 commotionem,

128 1275 431 1340 congregavit
453 1275 698 1322 consilium
721 1275 828 1322 ville
853 1293 861 1322 :
888 1294 912 1322 a
933 1276 1104 1339 quibus
1125 1276 1296 1325 missus
1322 1282 1393 1324 est
1420 1294 1539 1325 unus

127 1353 269 1400 cliens
296 1352 373 1415 qui
396 1352 618 1399 clamaret
637 1353 815 1399 cunctis
841 1352 1136 1401 audientibus
1162 1354 1288 1417 quod
1315 1354 1390 1402 die
1414 1371 1540 1403 cras-

126 1429 247 1485 tina,
303 1435 427 1476 certa
478 1430 591 1476 hora
609 1468 619 1485 ,
670 1429 973 1477 convenirent
1023 1431 1178 1478 omnia
1221 1431 1539 1494 hospiciorum

126 1506 293 1570 capita,
328 1506 427 1554 sine
462 1507 605 1554 armis
638 1513 683 1554 et
715 1508 891 1555 baculis
923 1508 980 1555 ad
1018 1509 1269 1557 ledendum
1299 1510 1437 1573 aptis,
1479 1510 1538 1557 ad

126 1583 379 1648 quemdam
418 1584 571 1631 locum
616 1584 696 1647 qui
739 1584 909 1632 dicitur
948 1586 1184 1649 Biloqae2.
1228 1588 1436 1650 Cumque
1475 1587 1538 1634 ita

125 1661 445 1719 convenirent,
482 1661 604 1708 inter
633 1678 752 1725 quos
784 1668 884 1709 erat
912 1663 1111 1710 jacobus
1144 1663 1202 1710 de
1229 1664 1460 1711 Artevella
1493 1670 1538 1711 et

123 1744 327 1786 cessaret
351 1755 567 1786 murmur
592 1739 769 1802 populi,
801 1739 998 1787 ballivus
1024 1740 1230 1788 existens
1258 1741 1305 1788 in
1331 1742 1537 1789 fenestra

123 1816 285 1874 turris,
324 1816 576 1863 declaravit
615 1817 681 1864 eis
718 1817 917 1880 qualiter
952 1823 1107 1865 essent
1145 1818 1342 1883 subjecti
1378 1818 1536 1865 comiti

122 1892 335 1941 Flandrie
370 1898 416 1940 et
455 1892 582 1956 quod
619 1910 703 1940 rex
740 1893 930 1941 Francie
969 1900 1091 1941 esset
1122 1911 1288 1942 eorum
1319 1895 1536 1942 dominus

123 1985 391 2033 supremus.
427 1989 447 2014 ε(
477 1972 610 2028 Nam,
648 1990 667 2014 ›>
696 1970 863 2033 inquit,
900 1989 920 2015 «
953 1971 990 2017 si
1016 1988 1100 2017 rex
1123 1971 1286 2035 Anglie
1308 1988 1401 2017 non
1428 1987 1535 2034 per-

126 2064 146 2089 «
178 2045 299 2092 mitit
323 2045 651 2093 marcimonias
671 2047 761 2094 huc
787 2046 1027 2104 advenire,
1060 2053 1111 2094 ut
1129 2063 1215 2094 nos
1236 2063 1392 2095 secum
1413 2047 1530 2094 inire

126 2141 146 2166 «
178 2128 366 2185 pactum
392 2123 656 2186 compellat,
686 2123 774 2170 hoc
806 2123 885 2171 diu
911 2140 1188 2187 permanere
1220 2140 1313 2170 non
1341 2124 1529 2187 poterit.

126 2218 146 2243 «
177 2199 318 2246 Firmi
344 2199 484 2264 igitur
507 2206 553 2247 et
573 2199 762 2247 stabiles
789 2201 934 2248 simus
962 2201 1006 2246 in
1035 2199 1254 2247 fidelitate
1275 2217 1365 2263 qua
1392 2200 1533 2247 debe-

126 2294 145 2320 «
178 2292 283 2322 mus
299 2275 529 2334 incedere,
553 2293 610 2324 ne
631 2277 676 2323 in
694 2282 938 2340 posterum
960 2276 1193 2324 redundet
1212 2277 1259 2323 in
1280 2277 1533 2325 detrimen-

129 2371 148 2397 «
179 2358 280 2399 tum
300 2357 532 2400 nostrum.
562 2372 582 2397 ›>

170 2487 202 2522 1.
226 2487 280 2522 La
296 2487 449 2523 version
466 2487 657 2532 suivante,
674 2488 747 2523 fort
763 2488 955 2533 curiense,
971 2488 1095 2534 parait
1117 2489 1313 2525 conforme
1329 2500 1405 2525 aux
1421 2490 1527 2533 faits;

120 2546 191 2581 elle
219 2552 289 2591 est,
311 2551 432 2592 quant
458 2557 533 2582 aux
560 2547 670 2582 traits
697 2547 941 2593 principaux,
964 2558 1013 2583 en
1039 2548 1242 2584 harmonie
1264 2559 1358 2586 avec
1379 2550 1413 2585 le
1436 2550 1531 2586 recit

121 2603 166 2640 de
198 2604 404 2640 Froissart.
430 2605 505 2640 Les
529 2604 664 2640 details
692 2605 883 2641 semblent
906 2606 990 2652 plus
1014 2607 1139 2653 pre'cis
1163 2607 1258 2643 dans
1282 2613 1392 2644 notre
1417 2610 1530 2645 chro-

122 2664 252 2711 nique.
278 2663 345 2710 (Cf.
368 2663 573 2708 Froissart,
596 2664 686 2700 edit.
716 2665 876 2712 Kervyn
903 2665 948 2702 de
973 2667 1227 2715 Lettenhove,
1250 2673 1276 2704 t.
1300 2669 1352 2715 ΙΙ,
1374 2680 1409 2715 p.
1434 2669 1529 2715 538.)

168 2723 202 2759 2.
227 2722 303 2759 Sur
324 2734 366 2760 ce
389 2734 494 2769 nom,
518 2736 552 2760 v.
577 2735 704 2769 supra,
730 2735 764 2770 p.
789 2724 846 2771 47,
870 2730 958 2761 note
981 2728 1011 2763 1.

266 2792 298 2822 ΙΙ
1366 2791 1385 2825 4
