1923 3358
133 279 236 326 1368]
408 283 778 317 CHRONOGRAPHIA
803 284 957 316 REGUM
982 283 1261 316 FRANGORUM.
1467 278 1531 316 331

130 362 303 420 Briam,
333 363 632 426 Campaniam
658 369 704 411 et
728 363 1072 411 Laudunesium
1096 380 1106 410 ε
1136 378 1222 410 nec
1243 362 1366 409 ultra
1383 366 1536 409 trans-

130 438 282 486 ierunt
309 440 547 502 quoniam,
577 445 628 487 ut
656 439 843 496 dicitur,
883 445 993 486 tunc
1030 443 1245 486 mortuus
1277 443 1348 485 est
1382 437 1536 501 prefa-

130 520 206 563 tus
230 516 427 564 Karolus
453 516 512 564 de
529 516 759 564 Arthesio.
785 516 1003 580 Regressi
1025 521 1133 563 sunt
1152 531 1265 579 ergo
1286 530 1372 578 per
1396 517 1537 561 Fran-

129 592 266 650 ciam,
295 609 382 640 nec
405 593 534 640 affuit
560 593 808 656 quisquam
835 593 914 655 qui
940 609 1021 640 eos
1047 592 1324 640 debellaret.v

194 669 371 717 Eodem
390 686 504 716 vero
518 686 656 727 anno,
675 669 836 717 ultima
852 669 1110 732 septimana
1127 668 1511 733 Quadragesime¹
1523 706 1534 724 ‚

129 763 216 811 per
242 752 389 794 totam
414 746 674 804 Franciam,
703 747 981 803 Almaniam,
1010 745 1241 810 Angliam,
1270 745 1540 809 Hispaniam

130 827 177 870 et
201 823 247 869 in
273 821 432 869 multis
456 821 556 869 aliis
590 821 821 885 partibus,
854 822 1016 885 populi
1050 827 1276 885 ceperunt
1311 838 1540 885 expaves-

129 915 236 947 cere
271 904 317 946 et
355 898 517 963 fugere
543 899 602 946 ad
639 899 738 946 loca
764 899 908 947 forcia
944 917 952 946 :
993 899 1186 962 insuper
1218 899 1296 962 qui
1326 904 1460 946 erant
1493 898 1540 945 in

128 975 242 1023 locis
267 975 465 1023 firmatis
491 974 767 1023 dubitabant
792 980 838 1023 et
862 980 1018 1023 tamen
1048 974 1319 1022 nesciebant
1343 979 1541 1038 propter

129 1052 261 1116 quid.

193 1130 274 1178 His
290 1129 586 1193 temporibus
602 1130 817 1187 Karolus‚
839 1128 1026 1178 Boemie
1046 1144 1132 1175 rex
1152 1144 1205 1175 ac
1223 1130 1542 1175 Romanorum

129 1208 405 1271 imperator,
441 1207 499 1255 de
531 1207 752 1254 mandato
785 1206 954 1270 prefati
988 1209 1110 1269 Pape
1142 1205 1316 1253 Urbani
1350 1204 1544 1268 expedi-

130 1285 306 1332 tionem
332 1284 479 1331 movit
504 1284 549 1331 in
576 1284 771 1331 Italiam.
801 1283 940 1347 Cujus
967 1282 1279 1346 expeditionis
1299 1298 1436 1329 causa
1456 1281 1542 1329 fuit

130 1361 258 1424 quod
286 1360 465 1408 dudum
491 1363 718 1408 Innocens
743 1363 868 1424 Papa
898 1359 1105 1422 quintus,
1133 1357 1402 1406 immediate
1436 1374 1543 1421 pre-

130 1438 352 1486 decessor
378 1441 500 1501 Pape
521 1438 712 1495 Urbani,
738 1437 865 1485 misit
885 1436 1104 1484 eumdem
1122 1435 1380 1492 Urbanum,
1402 1435 1544 1482 abba-

131 1522 226 1563 tem
255 1516 409 1563 Sancti
436 1515 636 1565 Victoris
658 1515 715 1562 de
735 1514 949 1571 Massilia,
972 1519 1291 1577 nuncupatum
1318 1511 1546 1561 Grimoal-

131 1592 263 1647 dum,
288 1592 332 1639 in
361 1591 640 1656 legationem
669 1591 727 1639 ad
754 1596 913 1654 partes
932 1589 1211 1638 Lombardie
1231 1606 1320 1652 pro
1341 1588 1546 1653 negociis

130 1667 363 1724 Ecclesie3
393 1672 440 1714 et
472 1684 578 1715 cum
611 1667 734 1715 idem
762 1668 942 1731 legatus
974 1665 1179 1713 venisset
1216 1664 1542 1720 Mediolanum,

131 1745 334 1809 quedam
372 1745 515 1793 verba
556 1745 674 1792 dixit
713 1744 904 1792 domino
943 1744 1156 1792 Barnabo
1195 1760 1287 1806 que
1322 1758 1415 1788 non
1459 1741 1547 1789 sibi

131 1822 433 1886 placuerunt;
481 1821 656 1869 idcirco
713 1821 932 1869 dominus
982 1820 1197 1868 Barnabo
1245 1819 1548 1883 congregavit

132 1915 296 1946 omnes
335 1899 606 1946 meretrices
643 1899 843 1946 civitatis
883 1914 969 1962 per
1004 1914 1120 1960 quas
1156 1896 1263 1943 fecit
1297 1911 1404 1943 eum
1440 1911 1546 1942 cum

131 1975 336 2022 maxima
372 1975 605 2022 derisione
641 1975 903 2022 conducere
938 1980 1070 2020 extra
1108 1972 1343 2020 civitatem
1377 1989 1386 2018 :
1424 1971 1547 2019 unde

132 2070 226 2101 non
252 2052 490 2100 modicum
516 2052 602 2099 fuit
628 2052 695 2099 ira
721 2056 1003 2100 commotus.

196 2132 408 2193 Cumque
426 2130 524 2193 ipse
541 2129 721 2194 legatus
736 2134 858 2176 esset
870 2128 915 2174 in
930 2126 1252 2190 appostolatus
1266 2125 1397 2189 apice
1412 2141 1546 2172 cons-

131 2207 314 2263 titutus,
344 2207 595 2270 exquisivit
621 2206 679 2254 ab
706 2207 992 2269 imperatore
1020 2203 1276 2251 vindictam
1296 2201 1546 2250 derisionis

132 2301 158 2330 a
193 2284 318 2331 dicto
343 2284 558 2331 Barnabo
596 2283 684 2331 sibi
717 2284 866 2339 facte3
896 2281 976 2345 qui
1007 2280 1107 2345 ejus
1132 2296 1300 2344 parere
1324 2279 1546 2326 mandato

132 2376 327 2423 pronus,
354 2377 466 2407 mox
485 2359 781 2424 congregatis
802 2357 1085 2406 exercitibus
1110 2355 1299 2404 intravit
1322 2356 1547 2404 Lombar-

133 2436 304 2484 diam2.
330 2440 430 2495 Quo
456 2436 632 2493 audito,
664 2435 875 2500 prefatus
902 2433 1121 2482 dominus
1146 2433 1360 2481 Barnabo
1388 2432 1545 2480 statim

184 2583 216 2618 1.
240 2581 300 2616 Du
322 2581 368 2617 ‘20
389 2592 437 2616 au
458 2581 502 2617 27
524 2592 628 2617 mars
653 2581 742 2617 1368
766 2582 816 2626 (n.
841 2580 918 2624 st.).

180 2642 213 2677 2.
239 2641 298 2676 En
326 2640 430 2685 1368,
458 2640 655 2685 Barnabo,
688 2640 870 2687 seigneur
898 2639 944 2676 de
977 2640 1112 2686 Milan,
1144 2640 1186 2675 fit
1215 2637 1448 2674 rassembler
1478 2637 1545 2673 des

135 2711 229 2747 gens
243 2699 407 2735 d’armes
422 2710 490 2746 par
503 2703 609 2735 toute
631 2698 782 2744 l’Ralie,
804 2709 852 2734 au
873 2699 1119 2747 temoignage
1140 2697 1207 2734 des
1227 2698 1388 2733 Annales
1408 2697 1547 2732 Medio-

135 2761 317 2799 lanenses,
351 2768 447 2804 pour
477 2761 653 2804 attaquer
681 2757 886 2803 Mantoue,
916 2757 1098 2802 Ferrare,
1130 2755 1286 2793 Padoue
1321 2754 1542 2800 (Muratori,

136 2819 268 2854 Rerum
288 2820 506 2854 italicarum
524 2819 727 2863 scriptores,
753 2823 782 2854 t.
806 2816 918 2864 XVI,
942 2817 1013 2854 col.
1038 2817 1137 2862 737).
