1923 3358
374 264 439 300 108
645 262 1018 298 CHRONOGRAPHIA
1044 261 1198 294 REGUM
1223 261 1502 294 FRANCORUM.
1674 258 1780 305 [1340

370 344 633 399 Scaldum1‚
658 342 736 390 ubi
764 341 933 388 fluvius
962 339 1036 388 ille
1067 339 1368 404 rapidissimo
1397 356 1537 388 cursu
1568 341 1777 399 fluctuat,

369 428 508 484 atque
534 419 640 467 facit
667 417 945 464 divisionem
977 416 1108 482 regni
1134 416 1324 463 Francie
1353 422 1400 463 et
1427 417 1630 480 Imperii,
1659 417 1782 464 inter

369 496 641 547 Mortaniam
673 500 719 543 et
753 496 974 542 Sanctum
1006 493 1288 550 Amandum,
1324 499 1374 540 ut
1405 493 1559 556 ipsum
1592 511 1782 557 passum

368 575 626 621 lucraretur
646 571 704 620 ad
731 571 876 618 libere
902 570 1242 619 transeundum
1269 576 1316 617 et
1341 569 1654 618 redeundum.
1679 571 1783 618 Gal-

367 651 439 698 lici
465 667 655 714 quoque
682 649 741 698 de
766 648 990 697 Mortania
1017 647 1147 712 prius
1172 648 1398 695 miserant
1423 647 1588 695 decem
1614 647 1783 696 robus-

367 734 440 775 tos
466 727 618 784 viros,
651 727 732 790 qui
764 726 1077 774 fenestrarum
1110 731 1157 772 et
1189 724 1418 772 ostiorum
1451 724 1702 773 obstaculis
1733 741 1782 773 se

367 805 653 861 munientes,
695 803 845 851 dictos
887 802 1078 850 domino
1118 802 1370 867 d’Antoing
1404 802 1592 849 virtuali
1630 802 1783 867 impu-

367 882 562 948 gnancia
600 898 791 945 passum
830 880 1148 944 impedierunt
1184 879 1280 927 fere
1319 879 1519 927 duarum
1559 880 1783 927 horarum

367 959 542 1024 spacio.
591 962 691 1017 Quo
733 958 908 1005 assultu
955 957 1176 1013 durante,
1222 973 1380 1004 comes
1424 957 1632 1004 Hanonie
1676 973 1783 1004 cum

367 1036 575 1085 exercitu
602 1052 686 1084 suo
712 1034 1018 1098 impugnabat
1043 1033 1381 1091 Mauritaniam,
1406 1034 1567 1097 eisque
1587 1033 1783 1081 viriliter

367 1113 648 1162 resistebant
689 1111 878 1160 soldarii
923 1111 1048 1175 regis
1084 1110 1276 1158 Francie
1318 1111 1398 1174 qui
1437 1110 1612 1158 ibidem
1650 1110 1780 1158 multi

367 1195 500 1236 erant
537 1207 545 1235 :
581 1188 765 1236 duravit
797 1193 954 1235 autem
990 1186 1192 1234 assultus
1222 1186 1297 1234 ille
1329 1204 1353 1233 a
1386 1203 1522 1234 mane
1550 1203 1698 1251 usque
1725 1186 1783 1235 ad

369 1265 630 1314 meridiem.

433 1343 622 1389 Interim
650 1358 838 1405 quoque
865 1340 1054 1388 soldarii
1081 1340 1280 1388 scientes
1306 1340 1530 1388 insultum
1550 1339 1784 1388 dictorum

368 1420 531 1467 decem
568 1419 612 1466 in
653 1435 794 1482 passu
832 1418 986 1475 fluvii,
1026 1418 1183 1465 statim
1223 1418 1452 1466 miserunt
1490 1418 1556 1466 eis
1588 1418 1784 1484 vinginti

367 1495 495 1543 viros
533 1494 579 1542 in
618 1494 864 1551 auxilium,
906 1493 986 1557 qui
1026 1494 1202 1558 optime
1240 1511 1329 1557 pro
1367 1511 1533 1558 passus
1572 1495 1784 1542 custodia

366 1577 712 1637 pugnaverunt.
747 1571 877 1619 Circa
902 1587 1017 1617 vero
1051 1570 1371 1618 meredianam
1402 1571 1592 1629 horam,
1625 1588 1783 1619 comes

367 1649 535 1696 nullius
567 1648 679 1696 lucri
718 1647 1046 1711 apparenciam
1079 1647 1286 1705 intuens,
1320 1664 1426 1696 cum
1459 1665 1544 1696 suo
1575 1649 1782 1698 exercitu

367 1726 557 1774 secessit
586 1725 644 1772 ad
678 1724 855 1772 dictum
887 1741 1096 1788 passum,
1131 1725 1327 1773 credens
1358 1725 1515 1789 ipsum
1545 1743 1646 1774 esse
1673 1742 1782 1791 cap-

367 1808 467 1851 tum
490 1821 515 1850 a
542 1802 637 1850 suis
664 1801 951 1858 hominibus,
977 1807 1027 1849 ut
1053 1819 1139 1865 per
1160 1802 1224 1849 ibi
1250 1802 1471 1850 transiret
1494 1802 1540 1850 in
1561 1819 1778 1868 regnum.

433 1882 501 1927 Ex
527 1879 612 1926 alia
631 1895 745 1926 vero
771 1884 924 1941 parte,
949 1878 1008 1926 de
1036 1880 1204 1926 Sancto
1230 1879 1461 1936 Amaside,
1485 1879 1544 1927 de
1567 1880 1783 1928 Maurita-

370 1957 446 2004 nia
471 1963 518 2004 et
540 1957 640 2004 aliis
666 1956 786 2003 villis
813 1955 1084 2014 convicinis,
1115 1957 1274 2004 audito
1307 1957 1524 2004 conflictu
1557 1957 1780 2022 sepedicti

370 2050 558 2097 passus,
598 2033 704 2081 illuc
743 2033 788 2080 in
822 2049 1018 2080 numero
1054 2033 1218 2097 grandi
1256 2034 1599 2081 confluxerunt.
1635 2037 1781 2082 Porro

369 2126 526 2157 comes
564 2110 611 2156 in
646 2110 714 2156 ira
749 2109 1001 2165 fluctuans,
1038 2110 1178 2171 jussit
1207 2126 1399 2173 passum
1433 2110 1603 2158 acriter
1628 2111 1781 2174 impu-

369 2186 518 2249 gnari.
536 2188 704 2232 Passus
721 2192 878 2234 autem
899 2202 1005 2233 cum
1028 2186 1103 2233 tali
1124 2202 1177 2233 ac
1195 2192 1322 2233 tanta
1338 2189 1625 2234 Francorum
1640 2187 1782 2235 resis-

369 2262 519 2309 tencia
547 2268 760 2310 servatus
785 2269 872 2321 est,
904 2268 953 2311 ut
979 2279 1136 2310 comes
1169 2279 1274 2310 cum
1308 2264 1404 2311 suis
1435 2263 1776 2328 compatriotis,

370 2339 638 2387 Brabanciis
675 2345 722 2386 et
761 2340 1022 2398 Almannis,
1061 2341 1333 2404 cumpulsus
1370 2346 1464 2398 est,
1503 2357 1608 2388 cum
1642 2340 1781 2389 amis-

371 2417 499 2463 sione
526 2432 619 2462 non
645 2417 845 2474 modica,
871 2417 1107 2465 secedere.
1135 2417 1259 2464 Abiit
1285 2417 1409 2465 enim
1436 2417 1494 2465 ad
1522 2417 1780 2466 Condetum

371 2499 417 2541 et
439 2492 547 2540 inde
568 2493 883 2551 Valencianas,
907 2498 1110 2542 Francos
1138 2495 1321 2542 fortiter
1347 2494 1690 2543 comminando.

420 2628 451 2662 1.
475 2627 527 2663 Lc
555 2628 681 2663 memo
708 2638 780 2675 quc
802 2623 1138 2679 'l‘hun-l'lljveque,
1163 2631 1227 2679 qui
1249 2636 1307 2667 est
1328 2642 1377 2668 en
1397 2631 1486 2668 effet
1507 2643 1574 2667 sur
1594 2630 1774 2667 l'Escaut.

372 2686 525 2722 L'autrc
547 2686 699 2723 localite
720 2687 783 2734 qui
805 2694 910 2734 porto
934 2689 967 2725 le
989 2701 1079 2726 nom
1104 2690 1149 2726 dc
1171 2691 1300 2735 Thun,
1328 2690 1423 2727 dans
1451 2690 1485 2726 le
1511 2689 1777 2736 departcment.

373 2744 422 2781 ‹lu
444 2745 562 2792 Nord,
584 2751 643 2782 est
665 2746 787 2782 situec
810 2758 876 2782 sur
899 2748 935 2783 la
956 2748 1112 2795 Scan-pe.
