1923 3358
398 272 464 310 340
674 274 1043 307 c-HRONOGRAPHIA
1068 274 1220 305 REGUM
1247 273 1522 306 FRANCORUM.
1690 270 1794 319 [1369

394 355 516 418 regis
537 353 715 416 Anglie,
739 352 1043 415 postmodum
1068 351 1229 399 habuit
1254 369 1469 410 uxorem,
1493 370 1551 400 ex
1576 370 1666 416 qua
1691 356 1794 403 uni-

392 446 492 476 cam
524 429 728 492 suscepit
758 429 917 486 filiam,
963 445 1103 492 quam
1132 435 1293 492 postea
1335 446 1441 477 cum
1480 430 1695 493 pervenit
1734 431 1793 478 ad

390 522 535 552 annos
556 505 865 570 intelligibiles
889 506 1191 568 desponsavit
1218 506 1493 563 Anthonius,
1521 506 1642 554 filius
1663 507 1793 555 ducis

388 582 672 647 Burgundie,
693 589 801 646 post
818 583 1022 647 primum
1042 583 1221 631 natus1.
1245 587 1426 631 Mortuo
1445 584 1600 647 itaque
1617 583 1793 632 Thoma

387 658 445 706 de
471 659 712 717 Holandia,
736 660 887 708 dictus
912 660 1132 724 princeps
1152 660 1210 708 de
1235 660 1397 708 Wallia
1416 660 1567 724 ipsam
1587 660 1793 724 despon—

385 735 521 793 savit,
557 735 708 785 adhuc
743 737 993 801 superstite
1033 737 1201 785 marito
1237 754 1321 786 suo
1361 737 1532 802 primo,
1574 737 1657 786 sed
1698 737 1793 785 dis-

385 813 656 875 pensatione
691 814 997 878 appostolica,
1035 819 1087 862 ut
1121 813 1306 871 dicitur,
1337 813 1395 862 ab
1425 814 1627 862 invicem
1659 820 1793 862 erant

385 890 607 953 separati.

447 969 593 1015 Porro
624 967 811 1025 Karolo‚
847 967 946 1033 regi
975 968 1183 1025 Francie‚
1213 967 1399 1016 reddito
1423 968 1645 1016 comitatu
1671 970 1792 1015 Pon-

382 1043 480 1100 tivi,
519 1049 570 1092 ut
606 1044 784 1093 dictum
821 1050 909 1101 est,
953 1061 1045 1092 non
1086 1045 1285 1093 multum
1323 1051 1431 1108 post
1467 1045 1645 1109 Anglici
1681 1061 1788 1092 cum

382 1121 541 1168 multis
559 1121 773 1169 soldariis
790 1122 849 1170 de
869 1122 1077 1170 Almania
1092 1128 1138 1169 et
1155 1122 1361 1169 Hanonia
1377 1122 1645 1186 congregati
1665 1121 1791 1184 apud

382 1197 614 1246 Kalesium
646 1199 941 1247 intraverunt
972 1199 1245 1247 comitatum
1276 1199 1484 1256 Bolonie‚
1516 1198 1715 1246 Arthesii
1747 1204 1792 1245 et

382 1274 534 1321 Sancti
571 1274 696 1322 Pauli
732 1281 778 1322 et
812 1275 912 1323 illas
950 1281 1101 1323 terras
1137 1276 1334 1323 multum
1376 1274 1786 1322 devastaverunt2.

382 1351 507 1397 Tunc
527 1350 666 1398 etiam
691 1352 959 1417 congregati
981 1358 1089 1400 sunt
1108 1352 1261 1401 Gallici
1285 1358 1331 1399 et
1357 1351 1500 1399 multe
1522 1350 1788 1399 communie

380 1425 610 1474 bonarum
647 1427 861 1476 villarum
890 1446 1009 1492 quos
1041 1429 1232 1477 nomine
1269 1428 1395 1494 regis
1426 1427 1650 1476 conduxit
1684 1427 1791 1475 Phi—

381 1502 553 1566 lippus,
588 1505 732 1552 frater‘
764 1505 880 1570 ejus,
912 1506 1008 1554 dux
1042 1505 1356 1571 Burgundie3‚
1391 1522 1498 1554 cum
1530 1522 1624 1570 quo
1656 1510 1791 1553 erant

380 1580 613 1639 Mor-ellus,
634 1581 851 1630 dominus
869 1582 927 1631 de
945 1583 1156 1641 Fiennes,
1178 1582 1577 1631 conestabularius
1597 1580 1788 1630 Francie

380 1662 424 1703 et
463 1657 611 1704 Guido
649 1658 708 1706 de
746 1659 1094 1725 Luxemburgo,
1139 1676 1296 1707 comes
1335 1659 1488 1707 Sancti
1531 1657 1673 1707 Pauli.
1715 1656 1786 1704 Hii

380 1733 539 1780 metati
571 1740 678 1782 sunt
709 1742 859 1783 castra
891 1753 1033 1800 super
1069 1742 1279 1785 montem
1312 1737 1389 1799 qui
1424 1736 1585 1801 gallice
1612 1735 1782 1783 dicitur·

385 1809 695 1858 Tourneheffl.

429 1933 460 1968 1.
484 1932 666 1981 Antoine,
687 1934 901 1981 quatrieme
922 1935 982 1971 fils
995 1935 1040 1972 de
1057 1935 1232 1983 Philippa
1248 1936 1282 1973 18
1297 1935 1432 1982 Hardi,
1449 1935 1607 1983 epousa,
1622 1934 1657 1971 le
1671 1933 1713 1970 21
1731 1933 1786 1971 fe-

379 1991 481 2028 vrier
508 1992 618 2039 1402,
648 1993 820 2040 Jeanne,
851 1994 927 2031 fille
956 1995 1101 2043 unique
1130 1995 1176 2031 de
1203 1995 1393 2032 Waleran
1422 1995 1467 2031 de
1499 1994 1785 2041 Luxembourg,

379 2056 504 2087 comte
532 2051 578 2088 de
610 2051 823 2089 Saint-Pol.
851 2053 884 2089 Il
913 2059 977 2090 eut
1006 2054 1116 2091 d'elle
1145 2054 1247 2091 deux
1276 2055 1349 2091 fils.
1377 2053 1550 2091 Antoine
1578 2059 1669 2101 peut
1699 2052 1721 2088 ἐι
1750 2053 1787 2089 la

379 2110 536 2157 rigueur
558 2111 638 2147 etre
665 2112 866 2149 considere
893 2124 1043 2149 comme
1070 2114 1212 2150 second
1239 2113 1297 2150 fils
1325 2114 1371 2151 de
1392 2113 1567 2161 Philippa
1593 2113 1629 2149 18
1649 2112 1784 2159 Hardi,

379 2169 411 2204 si
432 2169 507 2206 l’on
529 2181 568 2206 se
589 2172 756 2218 rappelle
777 2182 850 2219 que
872 2172 906 2209 le
927 2172 1069 2209 second
1090 2178 1128 2209 et
1149 2173 1183 2210 le
1204 2173 1401 2210 troisieme
1421 2173 1480 2209 fils
1508 2172 1554 2209 de
1581 2183 1624 2210 ce
1652 2172 1784 2220 prince

377 2235 606 2265 moururent
626 2241 674 2266 en
696 2232 774 2267 tres
794 2231 863 2267 bas
886 2231 970 2279 age.

425 2287 458 2322 2.
484 2281 596 2324 Etudc
623 2301 689 2324 sur
716 2293 752 2325 la
782 2293 836 2326 vie
864 2292 904 2326 de
932 2293 1025 2327 Jean
1051 2293 1081 2327 le
1107 2293 1270 2336 Mercter,
1301 2293 1488 2327 Memoz'res
1511 2294 1691 2337 presentes
1710 2300 1784 2336 par

378 2348 496 2381 divers
516 2353 663 2384 savants
684 2350 705 2384 ὰ
727 2349 942 2386 l'Acade'mic
962 2352 1020 2386 des
1042 2353 1280 2396 inscriptions
1300 2355 1331 2386 et
1347 2353 1603 2396 belles-lettres,
1619 2349 1655 2386 2⁸
1670 2349 1783 2394 serie,

381 2410 404 2440 t.
430 2404 495 2451 VI,
517 2406 554 2441 2⁸
574 2407 710 2453 partie,
732 2420 767 2455 p.
797 2409 873 2444 169.

427 2465 459 2501 3.
484 2466 590 2508 Ιὸὶιί.,
620 2478 655 2512 p.
680 2467 757 2503 167.
783 2467 960 2504 Pendant
986 2479 1058 2516 que
1091 2469 1145 2505 les
1173 2474 1328 2516 troupes
1356 2479 1396 2505 se
1417 2467 1726 2514 rassemblaient,
1748 2467 1783 2504 18

378 2522 451 2559 duc
472 2524 517 2560 de
539 2524 767 2572 Bourgogne
790 2527 970 2574 sejourna
991 2539 1080 2564 avec
1104 2528 1137 2564 18
1159 2529 1214 2564 roi
1235 2529 1257 2564 a
1279 2528 1417 2565 Rouen
1437 2528 1487 2564 du
1513 2528 1557 2564 *28
1581 2527 1708 2575 juillet
1733 2537 1780 2562 au

380 2582 397 2616 7
427 2583 515 2617 aout
547 2582 646 2619 1369.
677 2583 706 2617 Il
736 2595 784 2619 en
814 2585 929 2631 partit
959 2585 992 2621 18
1024 2586 1150 2622 meme
1176 2585 1263 2632 jour
1291 2597 1387 2633 pour
1419 2596 1458 2622 se
1488 2585 1624 2622 rendre
1656 2585 1678 2620 ὸ,
1706 2584 1778 2628 Eu,

380 2640 597 2686 Abbeville,
630 2641 798 2688 Hesdin,
831 2658 845 2676 «
879 2656 954 2680 aux
984 2645 1142 2692 champs
1172 2645 1312 2681 devant
1342 2645 1467 2681 Ardre
1497 2659 1512 2678 »
1542 2650 1580 2681 et
1608 2657 1622 2678 ι
1652 2654 1718 2678 sur
1745 2643 1779 2679 18

382 2714 397 2731 «
421 2706 528 2736 mont
549 2700 593 2736 de
610 2701 855 2737 Tournelieni
879 2717 893 2736 υ
911 2704 970 2746 (Ε.
992 2704 1107 2751 Petit,
1130 2706 1344 2741 Itino'raz'res
1364 2707 1405 2740 de
1424 2706 1590 2749 Philippo
1609 2705 1640 2739 le
1660 2702 1778 2737 Hardi

379 2763 409 2794 ct
429 2761 469 2794 dc
489 2762 577 2796 Jean
599 2761 818 2804 Sans-Pom,
841 2764 927 2799 duos
948 2766 988 2799 de
1010 2767 1234 2810 Bouryoqne,
1257 2776 1293 2811 p.
1318 2766 1357 2801 57
1382 2770 1419 2800 et
1439 2765 1510 2809 58).

428 2820 459 2854 4.
483 2820 526 2855 25
549 2822 635 2857 aout
664 2822 761 2859 1369.
784 2843 829 2850 —
849 2823 1109 2871 Tournehem‚
1133 2825 1425 2870 Pas-de-Calais,
1448 2821 1774 2860 arroudissement
