1923 3358
396 313 464 351 292
667 314 1038 349 CHRONOGRAPHIA
1064 313 1218 346 REGUM
1244 312 1522 346 FRANCORUM.
1696 311 1801 358 [1360

394 402 503 442 runt
528 400 634 441 ante
669 393 885 441 eamdem
912 393 1069 440 villam
1106 398 1152 440 et
1185 409 1289 440 eam
1321 392 1418 440 fere
1454 408 1562 440 cum
1598 393 1722 441 mille
1755 400 1802 441 et

392 470 602 517 ducentis
642 469 835 527 lanceis,
884 469 1256 533 octingentisque
1299 468 1547 516 balistariis
1592 471 1801 534 aggressi

391 552 516 592 sunt.
546 549 692 593 Porro
715 545 821 592 villa
847 545 1030 592 fortiter
1055 561 1295 610 aggressa,
1319 544 1497 607 absque
1523 544 1663 608 longo
1689 561 1800 592 con-

388 638 570 686 gressu,
601 628 828 686 ceperunt
862 639 966 670 eam
1004 621 1079 670 die
1113 621 1267 670 medie
1300 621 1664 686 Quadragesime
1690 621 1801 669 dicti

387 699 497 746 anni
520 697 565 746 Mi
582 698 683 748 ccci
700 698 812 748 ΙᾸΧἰ1
824 735 834 746 .

452 776 646 824 Interim
677 793 785 824 cum
817 781 973 824 essent
998 776 1044 822 in
1071 774 1236 823 eadem
1268 775 1392 833 villa,
1423 775 1545 822 inter
1570 774 1800 838 quosdam

374 852 557 900 milites
588 859 692 901 orta
723 859 795 901 est
819 853 1051 901 discencio
1090 859 1286 917 propter
1322 852 1577 916 quemdam
1602 853 1802 900 marina-

387 930 527 987 rium,
546 930 733 978 nomine
754 930 1001 986 Gamache,
1022 929 1261 976 hominem
1278 929 1502 994 Flamingi
1520 929 1578 977 de
1595 930 1801 994 Berghes

386 1006 561 1065 militis,
587 1007 742 1056 virum
767 1008 813 1054 in
840 1007 983 1055 armis
1007 1012 1251 1054 strenuum
1276 1023 1329 1054 ac
1355 1012 1624 1071 expertum,
1648 1007 1729 1070 qui
1754 1007 1800 1054 in

387 1090 527 1147 portu
544 1083 602 1132 de
612 1084 902 1133 Wincenezel
916 1090 1105 1148 ceperat
1118 1100 1259 1131 unam
1277 1100 1463 1141 navem,
1483 1083 1630 1131 rubeo
1645 1084 1801 1131 colore

386 1160 638 1224 depictam,
669 1168 716 1208 et
741 1161 787 1208 in
814 1178 866 1209 ea
899 1167 1123 1224 posuerat
1149 1161 1326 1208 domini
1359 1161 1428 1208 sui
1454 1161 1795 1223 penoncellum.

385 1237 635 1285 Rifflardus
662 1254 775 1285 vero
811 1237 869 1284 de
903 1237 1136 1294 Flandria‚
1173 1253 1281 1285 cum
1317 1237 1412 1285 suis
1443 1236 1713 1301 Flamingis,
1742 1237 1801 1284 ab

386 1315 554 1362 eodem
579 1317 776 1364 Gamace
802 1314 974 1362 dictam
1006 1331 1174 1362 navem
1200 1315 1246 1361 vi
1271 1314 1564 1362 abstulerunt
1593 1331 1603 1361 :
1635 1314 1683 1361 in
1708 1331 1801 1378 qua

385 1392 588 1439 violenta
624 1392 855 1440 ablatione
893 1392 1045 1440 dictus
1080 1393 1277 1440 Gamace
1321 1390 1505 1439 occisus
1541 1398 1636 1449 est,
1677 1391 1801 1438 unde

385 1469 651 1534 Flamingus
671 1469 729 1517 de
747 1468 955 1534 Berghes
975 1469 1125 1525 miles,
1150 1468 1374 1533 magister
1393 1468 1509 1532 ejus,
1533 1467 1670 1515 valde
1691 1483 1802 1514 con-

385 1546 596 1593 tristatus
621 1552 692 1593 est
717 1562 825 1593 cum
852 1552 949 1593 tota
976 1545 1144 1593 milicia
1170 1545 1234 1592 ibi
1258 1545 1507 1592 existente.

451 1626 502 1670 In
528 1623 783 1670 crastinum
810 1623 981 1671 milites
1015 1623 1103 1671 sibi
1137 1622 1338 1669 invicem
1372 1621 1570 1670 consulti
1605 1626 1714 1670 sunt
1749 1627 1801 1669 ut

386 1699 660 1747 recederent
695 1706 741 1747 et
776 1699 934 1747 villam
972 1699 1376 1763 depredarentur²
1411 1704 1456 1745 et
1493 1697 1797 1746 incenderent

436 1833 470 1868 1.
494 1831 577 1868 Scit
605 1831 638 1867 le
667 1830 710 1867 12
733 1842 837 1868 mars
860 1832 950 1868 1360
974 1833 1026 1876 (n.
1051 1832 1128 1877 st.).
1152 1831 1213 1868 On
1241 1842 1354 1868 verra
1383 1832 1468 1878 plus
1497 1831 1565 1867 bas
1595 1841 1668 1878 que
1699 1835 1799 1867 cette

387 1890 473 1926 date
494 1895 554 1926 est
573 1895 709 1926 exacte
730 1896 767 1927 et
788 1890 879 1938 qu'il
900 1891 981 1926 saut
1007 1891 1178 1938 corriger
1205 1890 1306 1926 ainsi
1327 1890 1363 1926 la
1383 1890 1540 1926 version
1566 1889 1612 1926 de
1632 1889 1733 1926 Jean
1753 1889 1799 1925 de

386 1950 568 1996 Venette‚
592 1961 657 1985 sur
678 1949 843 1997 laquelle
865 1961 904 1986 se
927 1955 1013 1986 sont
1034 1951 1206 1998 appuyes
1228 1950 1281 1987 M.
1305 1950 1343 1987 S.
1368 1950 1473 1986 Luce
1495 1951 1666 1992 (Histoire
1686 1950 1727 1985 de
1748 1950 1799 1984 du

387 2010 564 2054 Gzcesclz'n,
589 2020 623 2055 p.
649 2008 714 2044 307
738 2013 775 2044 et
797 2009 877 2055 547,
901 2009 1003 2054 note)
1033 2015 1070 2044 et
1091 2009 1146 2045 les
1171 2008 1340 2045 editeurs
1362 2008 1407 2045 de
1428 2009 1465 2045 la
1485 2009 1694 2054 Chronique
1714 2018 1798 2043 nor·

385 2069 519 2103 mande
542 2070 588 2114 (p.
613 2067 693 2114 323,
718 2072 807 2103 note
830 2068 878 2113 3).
900 2067 946 2104 Je
975 2067 1184 2115 signalerai
1212 2068 1261 2104 ici
1286 2078 1339 2104 un
1369 2068 1472 2103 arret
1496 2066 1545 2102 du
1576 2066 1797 2103 Parlement

385 2126 513 2174 publ-ie
540 2137 608 2173 par
629 2127 681 2162 M.
704 2127 809 2163 Luce
838 2130 904 2173 (op.
934 2130 1008 2172 cit„
1041 2139 1075 2174 p.
1102 2127 1168 2164 546
1196 2127 1218 2162 ἱι
1245 2127 1323 2173 550)
1353 2132 1390 2163 et
1411 2126 1476 2174 qui
1497 2131 1649 2163 montre
1669 2136 1743 2174 que
1763 2126 1798 2161 le

387 2187 522 2233 regent
542 2186 691 2233 imposa
711 2186 818 2231 2,000
840 2186 994 2223 deniers
1016 2186 1096 2223 d’or
1116 2186 1138 2222 a
1159 2186 1195 2222 la
1216 2186 1305 2223 ville
1321 2185 1366 2222 de
1383 2185 1494 2221 Paris
1514 2195 1611 2232 pour
1631 2185 1686 2221 les
1707 2185 1798 2221 srais

386 2244 431 2280 de
452 2249 551 2280 cette
573 2244 809 2291 expedition,
832 2245 854 2280 a
880 2245 1046 2292 laquelle
1070 2245 1146 2292 prit
1172 2250 1259 2292 part
1287 2244 1409 2292 Pepin
1437 2244 1503 2280 des
1526 2244 1696 2290 Essarts‚
1719 2243 1797 2280 l'un

387 2302 453 2338 des
469 2309 626 2338 auteurs
641 2303 685 2339 de
707 2304 743 2339 la
761 2304 878 2340 chute
891 2295 1095 2340 d⁷Etienne
1117 2303 1274 2340 Marcel.
1293 2304 1424 2350 Enfin,
1441 2303 1476 2340 le
1496 2303 1617 2339 baron
1637 2303 1797 2351 Kervyn

387 2361 432 2397 de
462 2362 703 2398 Lettcnliove
733 2374 755 2398 a
785 2362 932 2409 siguale
969 2374 1022 2398 un
1052 2373 1215 2410 passage
1246 2362 1291 2399 de
1323 2363 1545 2410 l’anonyme
1575 2362 1620 2399 de
1649 2362 1796 2398 Valen-

387 2420 545 2456 ciennes
567 2421 631 2466 qui
653 2422 725 2457 fixe
750 2421 956 2458 l'iucendie
983 2422 1029 2458 de
1050 2422 1308 2458 XYinchelsea
1335 2432 1383 2457 au
1403 2425 1500 2468 mccije
1512 2425 1606 2467 jour
1630 2423 1680 2457 du
1706 2424 1796 2457 mois

386 2482 428 2515 de
448 2491 560 2515 mars.
584 2479 615 2514 Il
637 2479 715 2515 faut
738 2491 829 2516 sans
850 2481 964 2517 doute
985 2482 1212 2518 retrancher
1226 2493 1280 2517 un
1300 2493 1336 2525 α),
1361 2492 1403 2517 ce
1425 2481 1490 2529 qui
1511 2480 1637 2517 donne
1653 2480 1689 2516 la
1709 2479 1794 2516 date

386 2538 435 2575 du
459 2539 500 2575 12
522 2550 625 2574 mars
647 2539 716 2585 (ed.
741 2540 786 2576 de
808 2541 1015 2587 Froissart,
1038 2547 1064 2577 t.
1088 2541 1158 2587 VI,
1179 2553 1216 2588 p.
1240 2541 1335 2582 497).

433 2598 467 2634 2.
491 2598 544 2633 Le
574 2599 616 2633 15
642 2608 760 2644 mars,
781 2590 961 2636 Edouard
987 2600 1045 2636 ΠΙ
1071 2600 1232 2636 ecrivait
1256 2613 1262 2635 :
1296 2614 1311 2633 (ι
1335 2599 1433 2644 Quia
1459 2599 1506 2635 ad
1533 2597 1791 2636 resistendum

390 2669 406 2689 «
427 2656 585 2692 malitiae
614 2655 863 2693 inimicorum
892 2664 1114 2695 nostrorum
1145 2658 1189 2695 de
1221 2658 1400 2704 Francia,
1430 2657 1509 2705 qui,
1533 2657 1614 2704 jam
1643 2655 1794 2691 noviter

391 2729 406 2747 α
429 2726 591 2763 regnum
624 2720 800 2751 nostrum
832 2715 986 2764 Angliae
1025 2717 1276 2763 invadentQS,
1310 2717 1444 2754 villam
1480 2716 1526 2752 de
1558 2714 1789 2751 Winehelse

391 2786 405 2805 ε(
430 2779 615 2819 ceperunt
645 2780 683 2809 et
712 2774 889 2810 homines
919 2775 959 2810 in
989 2786 1034 2811 ea
1066 2775 1278 2812 existentes
1308 2774 1587 2811 interfecerunt
1619 2779 1657 2809 et
1686 2773 1788 2808 mala
