1923 3358
133 284 236 330 1347]
400 286 770 320 CHRONOGRAPHIA
795 286 948 319 REGUM
973 284 1251 318 FRANCORUM.
1460 283 1526 319 245

130 373 227 415 tam
254 359 579 431 affligebantur
608 366 736 430 quod
765 365 965 414 edebant
994 371 1139 423 ratos,
1166 381 1342 423 mures,
1371 382 1525 423 canes,

130 444 399 509 murilegos,
423 444 603 491 corium
628 449 673 490 et
698 443 784 490 alia
807 442 1086 490 inedibilia1.
1113 445 1209 490 Hoc
1233 449 1389 490 tamen
1415 443 1530 490 scie-

130 521 208 568 bat
238 537 323 568 rex
361 521 576 576 Francie3
611 525 658 567 et
694 535 808 583 ergo
845 519 1083 566 mandavit
1115 519 1213 583 regi
1246 519 1408 584 Anglie
1440 535 1529 583 pro

128 597 249 645 bello
279 596 490 660 corporis
516 602 677 643 contra
702 611 875 658 corpus
906 601 983 642 aut
1014 600 1200 642 centum
1230 601 1392 643 contra
1424 612 1531 644 cen-

126 681 244 732 tum,
269 674 341 721 vel
362 672 484 720 mille
503 677 666 720 contra
692 671 834 727 mille,
860 671 933 718 vel
959 672 1191 719 exercitus
1212 678 1374 720 contra
1395 689 1531 720 exera

127 750 288 797 citum.
317 748 407 797 Sed
436 747 626 794 minime
652 746 914 803 exauditus,
943 747 1109 794 videns
1136 748 1262 810 quod
1294 748 1400 795 ville
1428 765 1531 796 suc-

127 842 317 874 currere
357 841 450 872 non
494 823 669 871 valeret
715 839 801 871 nec
842 823 1014 871 bellum
1054 823 1226 871 habere
1271 841 1378 872 cum
1418 842 1531 890 rege

126 902 304 967 Anglie‚
333 900 479 948 tristis
499 906 544 947 et
565 904 742 948 mestus
762 899 988 947 remeavit
1013 900 1059 946 in
1086 900 1372 948 Franciam2.

189 981 315 1026 Tunc
341 994 390 1025 se
409 976 717 1025 reddiderunt
738 976 836 1041 regi
857 977 1020 1041 Anglie
1040 977 1300 1042 burgenses
1319 978 1377 1025 de
1397 979 1530 1026 Kale-

126 1055 244 1111 sio3,
269 1053 348 1101 tali
374 1053 640 1101 conditione
670 1053 797 1116 quod
831 1069 914 1100 sex
947 1053 1005 1100 de
1037 1053 1152 1117 ipsis
1184 1054 1305 1101 irent
1335 1054 1392 1101 ad
1422 1071 1530 1102 eum

123 1136 306 1179 tantum
331 1130 481 1179 induti
506 1130 639 1178 lineis
670 1130 854 1194 pannis,
881 1130 1031 1193 capite
1063 1136 1109 1178 et
1142 1131 1342 1194 pedibus
1370 1132 1530 1179 nudati

124 1223 232 1255 cum
247 1206 461 1270 capistris
481 1222 645 1253 eorum
665 1206 782 1253 colla
802 1206 1113 1270 cingentibus.
1136 1207 1358 1255 Precibus
1374 1214 1530 1255 autem

172 1343 205 1378 1.
229 1342 328 1379 Sous
348 1342 383 1378 le
404 1343 522 1388 regne
543 1340 587 1377 de
609 1340 770 1377 Charles
791 1340 862 1386 VI,
884 1341 918 1377 le
939 1341 998 1376 fils
1013 1341 1104 1377 d’un
1119 1341 1185 1378 des
1201 1341 1370 1389 assieges
1391 1354 1530 1380 racon-

122 1400 193 1437 tait
214 1411 287 1448 que
308 1411 378 1436 son
394 1401 484 1447 pere
509 1413 524 1433 «
548 1399 603 1435 sut
618 1399 640 1434 ἐι
660 1398 784 1434 Calais
806 1404 844 1434 et
864 1399 1079 1445 esconvint,
1090 1411 1163 1446 que
1184 1411 1251 1446 par
1273 1400 1352 1436 fain
1373 1401 1399 1436 il
1418 1412 1530 1437 men—

126 1473 141 1493 «
165 1464 249 1507 gast
268 1459 323 1495 lui
343 1463 381 1495 et
402 1469 463 1495 ses
486 1457 763 1505 compaignons
785 1457 818 1494 le
835 1458 918 1494 cuir
932 1463 970 1494 et
984 1459 1020 1494 la
1036 1456 1130 1494 char
1144 1458 1188 1494 de
1203 1459 1307 1495 leurs
1324 1460 1529 1507 chevaulx,

125 1532 139 1552 α
163 1529 226 1554 raz
248 1523 284 1554 et
305 1516 430 1553 souriz
451 1527 519 1564 par
538 1516 696 1561 famine,
719 1521 756 1552 et
778 1527 800 1552 a
820 1517 900 1552 este
920 1516 999 1563 pris
1019 1522 1056 1552 et
1077 1516 1212 1563 depuis
1233 1517 1308 1553 mis
1324 1517 1345 1553 a
1359 1528 1530 1566 raeneon

125 1591 141 1610 «
165 1582 203 1613 et
223 1588 248 1624 y
267 1587 290 1612 a
308 1575 426 1623 perdu
447 1586 630 1623 presques
650 1580 756 1611 toute
774 1586 815 1611 sa
836 1576 1078 1612 chevance...
1104 1589 1118 1610 »
1143 1576 1262 1617 (1390.
1286 1576 1407 1613 Arch.
1432 1583 1528 1623 nat.‚

122 1636 198 1672 X2A
220 1636 277 1682 12,
298 1635 360 1672 fol.
385 1635 428 1672 83
450 1637 518 1679 vo.)
540 1635 595 1671 La
624 1636 832 1680 Chronique
862 1635 911 1670 du
939 1636 1212 1672 continuateur
1239 1636 1285 1672 de
1309 1636 1529 1673 Guillaume

122 1695 167 1731 de
199 1694 348 1742 Nangis
375 1695 415 1740 (t.
444 1694 496 1740 ΙΙ,
518 1705 556 1741 p.
577 1694 656 1741 205)
679 1694 828 1730 affirme
859 1694 948 1730 bien
976 1706 1049 1742 que
1084 1709 1099 1728 «
1123 1706 1190 1731 rex
1218 1701 1348 1732 autem
1364 1697 1529 1734 Franeie

124 1768 140 1789 «
162 1754 365 1801 Philippus
387 1753 629 1790 confortabat
650 1753 939 1790 Calesienses...
963 1754 1029 1790 sed
1045 1754 1099 1790 illi
1121 1754 1259 1801 quibus
1279 1766 1347 1802 pro
1368 1756 1422 1792 eis
1443 1768 1528 1803 pro-

125 1828 140 1848 «
162 1814 334 1850 visiones
355 1813 711 1860 committebantur,
733 1814 819 1849 illas
840 1813 887 1849 ad
913 1814 1066 1861 propria
1094 1814 1295 1850 commoda
1324 1820 1528 1852 converte-

124 1886 140 1905 «
162 1872 268 1908 bant.
293 1887 307 1907 2>
334 1872 394 1907 En
409 1876 492 1908 tout
513 1882 592 1916 caS,
615 1871 650 1907 le
671 1871 691 1907 6
713 1871 938 1917 novembre,
960 1883 1013 1907 un
1034 1872 1133 1908 mois
1150 1873 1260 1919 apres
1275 1872 1528 1910 l'investisse-

121 1936 243 1977 ment,
273 1941 323 1966 on
351 1929 508 1977 pouvait
540 1940 680 1966 encore
712 1935 842 1966 enti-er
871 1935 908 1966 et
936 1941 985 1966 on
1014 1930 1157 1966 entrait
1186 1931 1282 1967 dans
1315 1932 1348 1968 le
1378 1937 1462 1979 port
1483 1932 1528 1968 de

120 1991 246 2027 Calais
268 1990 416 2036 (Viard,
435 1992 634 2026 Journauoe
655 1991 706 2025 du
736 1992 863 2026 Tresor
888 1992 930 2026 de
957 1991 1123 2036 Philippa
1151 1992 1194 2026 VI
1221 1992 1262 2026 de
1289 1992 1416 2035 Valoz's,
1441 1991 1463 2026 a
1492 1992 1528 2027 la

121 2050 207 2086 date
228 2049 278 2085 du
299 2049 343 2085 28
365 2048 576 2085 novembre
599 2049 715 2095 1349).

167 2109 202 2145 2.
225 2108 400 2155 Philippe
425 2108 478 2143 VI
506 2108 592 2144 leva
620 2118 690 2144 son
718 2118 829 2154 camp
855 2107 951 2143 dans
980 2107 1017 2143 la
1044 2108 1129 2143 nuit
1155 2108 1205 2143 du
1233 2109 1286 2143 1er
1311 2120 1358 2144 au
1379 2108 1400 2144 2
1422 2111 1527 2156 acut,

121 2179 199 2204 non
231 2178 321 2203 sans
352 2167 460 2203 avoir
493 2167 584 2214 pare
618 2178 693 2203 aux
728 2172 927 2213 pressants
959 2166 1113 2203 besoins
1148 2166 1213 2203 des
1248 2168 1453 2214 garnisons
1482 2168 1528 2204 de

121 2225 280 2263 l'Artois
307 2231 344 2263 et
370 2226 436 2262 des
462 2226 668 2262 frontieres
694 2225 740 2262 de
767 2222 948 2272 Flandre,
970 2230 1214 2262 notamment
1241 2225 1285 2262 de
1309 2226 1526 2274 Boulogne,

121 2287 166 2324 de
187 2286 350 2331 GuineS,
372 2286 417 2323 de
446 2285 728 2333 Bavehnghen,
753 2296 825 2333 que
854 2285 975 2321 l'abbe
1003 2285 1048 2321 de
1075 2285 1210 2321 Corbie
1239 2285 1295 2321 fut
1319 2286 1460 2333 charge
1482 2286 1527 2323 de

122 2345 216 2382 faire
249 2345 461 2382 ravitailler
492 2344 638 2390 (Viard,
668 2346 864 2381 ιῙοῑιτηῑαααν
896 2346 945 2380 du
981 2346 1108 2379 Trasor
1139 2346 1180 2380 de
1212 2346 1378 2390 Philippa
1414 2347 1458 2382 Vl
1486 2347 1528 2382 de

128 2406 255 2446 Valoz's,
280 2404 302 2439 a
328 2404 365 2439 la
391 2404 477 2440 date
508 2403 557 2440 du
591 2404 632 2439 10
660 2404 876 2451 septembre
898 2403 1001 2440 1349.
1025 2403 1078 2439 Cf.
1108 2403 1130 2438 a
1156 2403 1192 2439 la
1218 2403 1304 2441 date
1325 2404 1374 2440 du
1396 2404 1439 2440 ‘23
1461 2404 1525 2441 de-

122 2463 275 2500 cembre
299 2462 415 2506 1349).
432 2463 485 2498 Le
507 2462 562 2498 roi
584 2474 756 2510 renvoya
777 2473 838 2498 ses
860 2462 1036 2498 chevaux
1057 2467 1093 2498 et
1115 2473 1184 2498 son
1204 2463 1362 2499 harnais
1383 2464 1405 2499 a
1425 2463 1525 2499 Hes-

121 2521 185 2558 din
206 2526 244 2557 et
265 2520 310 2556 de
331 2520 367 2555 la
387 2520 408 2556 a
429 2520 663 2568 Compiegne
687 2523 805 2567 (Haisa,
830 2521 851 2557 a
871 2521 908 2556 la
922 2520 1007 2556 date
1025 2520 1074 2557 du
1092 2521 1132 2557 13
1148 2533 1252 2557 mars
1269 2522 1373 2569 1349,
1389 2534 1428 2558 n.
1446 2524 1523 2568 st.).

169 2581 202 2617 3.
224 2580 398 2627 J’ignore
419 2591 516 2626 pour
535 2580 661 2627 quelle
691 2580 834 2626 raison,
859 2592 907 2617 au
936 2591 1048 2617 cours
1075 2580 1123 2616 du
1151 2581 1270 2629 siege,
1291 2582 1325 2617 le
1352 2582 1395 2618 10
1420 2593 1524 2617 mars

123 2641 210 2677 1347
234 2642 287 2685 (n.
311 2640 385 2685 st.),
409 2639 586 2686 Philippe
607 2638 652 2675 de
679 2639 810 2676 Valois
837 2640 879 2675 fit
898 2639 973 2675 don
1003 2640 1048 2676 de
1070 2640 1136 2676 100
1165 2641 1281 2677 livres
1307 2641 1482 2677 tournois
1503 2641 1525 2677 a

122 2698 353 2746 Enguerran
389 2697 577 2743 Doctone,
612 2698 816 2745 bourgeois
849 2698 894 2735 de
927 2698 1053 2735 Calais
1080 2699 1226 2746 (Viard,
1253 2701 1450 2735 Journaua,¹
1474 2701 1524 2735 dcc

129 2758 255 2793 Tresor
273 2759 315 2793 de
334 2758 500 2803 Philippe
527 2758 570 2793 VI
580 2759 621 2793 de
648 2758 774 2799 Valois,
799 2757 820 2793 a
840 2757 877 2794 la
893 2757 979 2794 date
1001 2757 1049 2794 du
1072 2758 1113 2795 13
1129 2769 1234 2795 mars
1256 2758 1359 2805 1349,
1382 2769 1421 2794 n.
1445 2758 1520 2804 st.).
