1923 3358
124 269 227 315 1340]
402 271 769 305 CHRONOGRAPHIA
794 272 946 304 REGUM
971 270 1247 304 FRANCORUM.
1475 267 1516 303 91

121 359 168 400 et
192 358 353 416 postea
378 352 436 399 ad
462 352 717 415 Yppram¹;
746 367 852 399 cum
878 351 1047 414 quibus
1078 350 1184 398 fecit
1205 351 1520 414 juramentum

120 431 237 478 sicut
261 446 368 477 cum
393 429 797 485 Gandavensibus3
825 434 1162 490 consequenter
1187 427 1521 475 ordinaverunt

120 507 247 570 quod
279 507 572 553 mitterentur
602 505 753 552 littere
785 505 844 552 ad
874 505 1031 551 villam
1062 504 1215 552 Sancti
1246 503 1516 560 Audomari,

120 584 319 632 formam
344 600 434 646 que
460 581 671 644 sequitur
696 581 1013 628 continentes2
1039 599 1048 627 ε

189 681 210 706 «
239 658 532 708 Edowardus
551 658 632 705 Dei
652 658 823 721 gracia,
844 673 928 704 rex
944 657 1124 721 Anglie,
1145 658 1351 715 Francie,
1373 657 1523 705 domi-

123 757 143 781 «
174 753 262 785 nus
287 734 520 798 Hybernie
545 738 593 780 et
619 733 716 780 dux
741 732 1003 796 Aquitanie,
1033 732 1228 779 baillivis
1258 739 1305 780 et
1337 733 1523 797 majori-

124 833 144 858 «
174 813 279 870 bus,
315 810 531 867 scabinis,
568 809 834 857 consulibus
866 825 918 856 ac
948 808 1034 856 toti
1066 809 1386 856 communitati
1417 809 1524 856 ville

123 909 142 934 <t
173 889 324 937 Sancti
349 886 619 944 Audomari,
645 886 856 933 notitiam
883 885 1273 948 subsequencium
1295 886 1519 932 veritatis.

123 984 143 1010 α
173 967 287 1013 Cum
305 963 540 1011 notorium
559 963 618 1010 sit
634 962 761 1025 quod
777 962 973 1009 Karolus
991 962 1112 1009 bone
1131 961 1355 1008 memorie
1373 977 1523 1024 nuper

122 1060 142 1086 α
173 1057 258 1088 rex
297 1039 487 1088 Francie
527 1039 695 1086 obierit
735 1038 1015 1086 hereditarie
1054 1038 1238 1085 saisitus
1279 1038 1337 1085 de
1377 1054 1522 1102 regno

123 1137 142 1162 ε(
174 1117 388 1173 Francie,
432 1122 478 1163 et
513 1116 658 1163 simus
695 1115 815 1162 filius
850 1114 1026 1162 sororis
1061 1130 1281 1179 germane
1316 1114 1524 1178 ejusdem

123 1213 143 1238 ι(
175 1193 330 1241 Karoli
356 1209 409 1240 ac
440 1198 548 1255 post
573 1191 671 1256 ejus
697 1192 940 1239 decessum
973 1191 1104 1255 regni
1129 1190 1364 1238 hereditas
1390 1190 1525 1237 nobis

123 1289 143 1315 c<
174 1269 352 1317 ratione
378 1269 583 1316 evidenti
609 1269 840 1324 evenerit3
864 1284 1043 1315 necnon
1062 1267 1299 1330 Philippus
1318 1266 1378 1313 de
1396 1266 1526 1316 Vale-

124 1367 144 1392 «
175 1347 261 1403 sio,
286 1346 407 1393 filius
430 1345 644 1393 avunculi
671 1345 780 1392 dicti
806 1345 981 1392 domini
1006 1344 1161 1391 Karoli
1181 1344 1261 1407 qui
1281 1343 1339 1390 ab
1360 1342 1524 1390 eodem

123 1443 143 1468 <(
175 1423 345 1471 Karolo
380 1422 515 1469 nobis
549 1422 688 1469 distat
723 1422 872 1486 gradu
908 1421 1172 1477 remotiori,
1210 1420 1526 1468 fraudulenter

122 1519 143 1544 α
174 1499 350 1547 dictum
367 1499 556 1546 Francie
573 1515 772 1562 regnum
791 1515 930 1546 manu
947 1499 1148 1546 violenta
1166 1497 1390 1561 rapuerit,
1412 1497 1525 1545 dum

123 1594 143 1620 <t
174 1575 325 1623 adhuc
348 1580 536 1622 teneros
561 1574 758 1621 infancie
784 1590 930 1621 annos
955 1590 1199 1638 ageremus
1220 1579 1267 1620 et
1285 1573 1525 1635 hucusque

123 1671 143 1696 a
175 1651 342 1715 injuste
360 1668 440 1699 seu
456 1651 726 1698 tortionarie
739 1650 956 1705 tenuerit,
975 1654 1155 1697 matura
1171 1648 1522 1705 deliberatione,

123 1746 144 1772 ς(
174 1726 254 1775 Dei
285 1726 454 1774 fiducia
484 1732 531 1786 et
561 1726 793 1773 bonorum
828 1726 1068 1772 hominum
1101 1725 1244 1782 afixa,
1279 1740 1446 1771 nomen
1481 1730 1527 1771 et

124 1823 144 1848 α
174 1803 414 1868 regiminis
445 1820 562 1851 onus
594 1803 705 1850 dicti
736 1803 868 1867 regni
901 1802 1239 1865 assumpsimus
1270 1806 1317 1848 et
1349 1801 1407 1848 ad
1440 1801 1526 1848 hoc

124 1900 143 1924 «
174 1885 388 1927 tenemur
413 1886 553 1943 prout
582 1897 667 1927 nos
695 1879 846 1936 decet,
876 1879 1066 1926 firmum
1092 1884 1138 1925 et
1163 1878 1325 1925 stabile
1351 1894 1526 1940 propo-

125 1975 145 2000 «
176 1956 316 2003 situm
348 1955 594 2012 habentes,
634 1971 715 2003 eos
754 1954 834 2018 qui
871 1971 1008 2001 suum
1044 1954 1254 2001 debitum
1292 1970 1402 2017 erga
1441 1969 1527 1999 nos

123 2051 143 2076 «
174 2033 431 2080 direxerint
467 2032 678 2096 graciose
714 2037 932 2079 tractare.
971 2034 1064 2078 Nec
1099 2030 1222 2077 enim
1260 2035 1331 2077 est
1367 2036 1527 2077 nostre

124 2128 145 2153 <1
174 2108 441 2156 intentionis
463 2113 643 2155 vestras
665 2107 959 2172 juriditiones
985 2112 1030 2153 et
1050 2106 1154 2170 jura
1180 2105 1416 2152 adnullare
1443 2122 1525 2153 seu

125 2203 145 2229 α
175 2185 222 2231 in
259 2185 412 2249 aliquo
449 2185 702 2250 derogare,
741 2184 825 2232 sed
859 2183 1022 2247 pocius
1060 2199 1170 2247 erga
1208 2199 1371 2230 omnes
1403 2182 1526 2246 juste

170 2335 201 2369 1.
224 2333 258 2368 Il
278 2333 421 2370 semble
447 2345 495 2370 en
521 2334 610 2370 effet
639 2345 712 2381 que
739 2333 785 2369 de
812 2332 924 2369 Gand
949 2322 1128 2368 Edouard
1154 2331 1212 2367 III
1239 2331 1314 2367 alla
1343 2331 1364 2367 a.
1387 2331 1522 2378 Ypres.

123 2390 338 2436 (Froissart,
364 2391 423 2426 ed.
446 2392 607 2439 Kervyn
628 2392 673 2427 de
694 2392 946 2435 Lettenhove‚
969 2395 996 2427 t.
1018 2390 1088 2437 III,
1109 2401 1145 2437 p.
1167 2390 1236 2427 480
1257 2395 1294 2426 et
1315 2391 1411 2435 481.)

168 2450 203 2485 2.
226 2450 280 2485 Cf.
298 2450 468 2497 Rymer,
495 2452 649 2495 Foeclera,
680 2450 738 2486 e'd.
764 2450 868 2494 1821,
897 2454 925 2485 t.
951 2448 1004 2495 II,
1032 2448 1071 2484 ‘Ze
1094 2449 1231 2496 partie,
1259 2460 1296 2496 p.
1324 2449 1428 2485 1109.
1454 2448 1526 2485 Ces

121 2509 268 2553 lettres,
300 2508 431 2545 datees
460 2509 566 2545 aussi
591 2509 640 2544 du
667 2510 687 2546 8
715 2509 855 2545 sevrier
879 2508 984 2554 1340,
1014 2513 1100 2544 sont
1131 2507 1243 2544 d’une
1275 2508 1405 2554 portee
1437 2508 1522 2554 plus

122 2568 301 2615 generale
322 2579 394 2614 que
425 2568 541 2604 celles
565 2579 637 2614 que
666 2568 742 2603 l‘on
772 2572 906 2604 trouve
935 2567 998 2615 ici,
1024 2567 1270 2614 puisqu'elles
1293 2567 1525 2603 s’adressent

124 2640 140 2659 «
163 2626 257 2662 locis
295 2626 486 2662 Flandriae
526 2627 790 2662 conterminis.
829 2640 844 2660 n
884 2626 958 2663 Les
994 2628 1195 2662 Anciennes
1235 2628 1450 2671 chroniques
1483 2626 1524 2660 de

121 2687 279 2722 Flandre
305 2686 428 2732 (Istorc
456 2691 487 2722 et
514 2689 703 2731 croniques
724 2688 764 2722 de
789 2688 975 2730 Mandros,
1005 2691 1029 2723 t.
1052 2687 1083 2733 I,
1113 2698 1147 2733 p.
1171 2687 1249 2731 377)
1282 2686 1455 2722 donnent
1474 2696 1522 2722 en

123 2744 290 2793 francais
311 2746 346 2781 le
362 2750 467 2781 texte
488 2744 532 2781 de
554 2756 617 2781 ces
639 2746 785 2782 lettres.
