1923 3358
199 264 301 310 1380]
475 266 843 299 CHRONOGRAPHIA
869 268 1021 299 REGUM
1048 268 1326 300 FRANCORUM.
1530 266 1596 303 393

196 345 366 393 obnixe
410 362 582 410 rogans
624 350 674 392 ut
719 344 960 392 meliorem
1004 346 1423 394 comestabularium
1469 348 1596 410 quod

193 423 392 485 ipsemet
419 439 511 469 non
532 422 700 477 fuerat,
726 421 811 468 sibi
841 421 977 469 vellet
999 439 1079 470 sua
1100 424 1255 487 gracia
1281 424 1510 472 conferre.
1541 428 1597 472 Et

193 516 335 562 quam
359 499 450 546 cito
472 498 530 545 ad
553 498 770 545 noticiam
797 498 984 545 devenit
1007 501 1305 563 Anglicorum
1331 501 1458 564 quod
1484 505 1596 549 Ber-

192 575 388 623 trandus
422 575 726 632 moriebatur,
762 575 821 622 ad
853 575 1006 638 ipsum
1035 576 1270 624 humiliter
1300 584 1596 626 accesserunt

191 658 237 700 et
259 669 308 700 se
333 652 640 700 reddiderunt
665 652 724 709 ei,
750 652 928 716 prefate
953 653 1221 702 munitionis
1249 671 1330 702 sue
1351 655 1467 702 Novi
1489 657 1596 703 Cas-

190 729 250 775 tri
277 729 430 776 claves
451 745 568 791 quas
593 744 752 775 secum
777 729 1026 777 attulerant
1051 730 1137 778 sibi
1157 731 1397 779 offerendo
1422 747 1476 779 ac
1501 737 1595 779 tra-

190 805 344 852 dendo
360 843 370 862 ‚
419 810 464 851 et
509 804 574 851 sic
618 804 817 851 dicendo
861 805 988 868 quod
1037 806 1294 855 habuerant
1337 809 1594 856 maximum

189 882 416 929 honorem
447 880 712 928 detenuisse
747 897 797 928 se
835 887 997 929 contra
1030 899 1136 930 eum
1170 890 1212 930 et
1252 900 1362 931 suos
1393 885 1594 931 assultus

187 963 477 1022 expectasse.
515 961 571 1005 Et
597 974 707 1004 mox
738 959 1025 1006 Bertrandus
1058 966 1239 1024 spatam
1274 961 1595 1008 conestabula-

187 1035 331 1083 riatus
364 1034 556 1082 Francie
588 1033 647 1081 ad
685 1035 970 1098 portandum
1004 1037 1103 1101 regi
1142 1038 1331 1085 Francie
1367 1038 1588 1095 Papisius,

185 1111 379 1158 tradidit
404 1110 640 1158 Ludovico
666 1110 724 1158 de
744 1114 1064 1169 Sacrocesare‚
1090 1114 1360 1161 marescallo
1380 1115 1587 1171 Francie,

185 1194 231 1235 et
251 1188 314 1235 ibi
337 1187 553 1251 spiritum
581 1204 665 1234 suo
687 1188 894 1235 reddidit
911 1190 1134 1246 Creatori,
1159 1191 1245 1237 ssos
1265 1191 1450 1247 milicie,
1476 1197 1593 1238 stre-

186 1264 391 1321 nuitatis,
428 1264 620 1312 honoris
651 1270 792 1327 atque
824 1265 1082 1323 fidelitatis;
1120 1273 1333 1330 portatus
1367 1267 1453 1314 fuit
1484 1267 1591 1315 inde

183 1341 242 1388 ad
270 1344 490 1389 Sanctum
516 1341 773 1388 Dionisium
793 1342 839 1388 in
866 1343 1073 1399 Francia,
1098 1350 1143 1390 et
1170 1361 1255 1406 per
1274 1350 1407 1391 extra
1433 1345 1590 1391 villam

184 1418 242 1465 de
267 1418 488 1474 parisius,
511 1435 566 1464 eo
586 1418 713 1480 quod
732 1435 823 1465 non
847 1419 1096 1466 videbatur
1117 1421 1293 1468 bonum
1314 1437 1416 1468 esse
1437 1421 1590 1484 ipsum

182 1501 373 1558 portare
393 1512 479 1558 per
498 1495 719 1552 Parisius,
748 1501 945 1559 propter
961 1496 1339 1544 lamentationem
1366 1504 1412 1544 et
1437 1514 1591 1544 mero-

183 1589 285 1619 rem
307 1572 467 1636 populi
489 1572 547 1619 ad
573 1572 945 1620 intumulandum
966 1573 1028 1621 ibi
1049 1574 1107 1621 ad
1128 1573 1273 1637 pedes
1294 1574 1456 1621 tumuli
1481 1574 1590 1621 dicti

183 1649 308 1713 regis
340 1649 515 1705 Karoli,
556 1665 649 1696 non
683 1649 900 1697 obstante
934 1650 1061 1713 quod
1102 1650 1202 1713 ipse
1240 1650 1364 1713 apud
1407 1653 1590 1714 Dynant

180 1744 312 1775 suam
338 1727 543 1791 elegerat
569 1727 875 1791 sepulturam.
906 1729 1047 1775 Arma
1073 1728 1172 1792 ejus
1198 1728 1385 1774 fuerunt
1407 1733 1589 1775 scutum

179 1809 451 1868 argenteum
473 1804 530 1851 ad
555 1821 695 1851 unam
724 1804 908 1868 nigram
934 1805 1134 1869 aquilam
1157 1804 1359 1851 duorum
1385 1804 1589 1868 capitum

180 1886 226 1928 et
252 1897 396 1928 unum
419 1881 666 1928 bastonem
687 1881 902 1928 rubeum.

242 2057 417 2106 Eodem
443 2074 564 2104 anno
590 2056 864 2113 Richardus‚
895 2074 980 2104 rex
1001 2057 1180 2121 Anglie,
1201 2057 1328 2105 misit
1353 2059 1588 2107 Kalesium

176 2135 400 2182 Thomam
424 2134 482 2181 de
505 2134 884 2197 Bwquigheben,
915 2135 1194 2182 avunculum
1215 2152 1369 2190 suum,
1394 2136 1586 2183 fratrem

174 2213 322 2276 patris
340 2212 428 2269 sui,
454 2228 560 2259 cum
584 2211 741 2258 multis
758 2211 1024 2259 hominibus
1044 2228 1301 2259 armorum.
1329 2212 1411 2259 Hic
1429 2229 1585 2260 comes

175 2296 222 2337 et
247 2290 317 2337 sui
342 2288 536 2353 Anglici,
570 2304 729 2336 mense
756 2288 956 2352 augusti,
987 2294 1217 2336 venerunt
1242 2289 1289 2336 in
1318 2290 1585 2337 Arthesium

174 2365 255 2412 ubi
289 2365 458 2412 multas
493 2365 623 2411 villas
656 2365 1014 2412 combusserunt
1047 2369 1093 2412 et
1125 2366 1183 2413 ad
1208 2365 1583 2429 redemptionem

174 2447 432 2505 posuerunt
459 2447 504 2488 et
524 2441 631 2488 inde
660 2457 745 2504 per
771 2442 1140 2489 Cameracesium
1166 2442 1211 2488 in
1232 2442 1583 2490 viromandiam

174 2518 388 2565 abierunt
418 2535 581 2566 versus
610 2518 767 2566 Remis
799 2524 846 2565 et
870 2534 1037 2564 versus
1070 2518 1369 2566 Cathalanum
1395 2536 1448 2566 ac
1475 2519 1583 2566 inde

173 2595 389 2642 abierunt
414 2595 459 2641 in
492 2595 800 2642 Britanniam¹
837 2594 1040 2658 dampna
1075 2612 1158 2659 per
1185 2612 1383 2659 regnum
1418 2613 1581 2659 quam-

223 2726 255 2760 ·1.
281 2724 356 2760 Sur
383 2725 418 2760 la
446 2725 693 2761 chevauchee
722 2725 771 2761 du
804 2731 928 2761 comte
960 2724 1005 2760 de
1033 2725 1320 2772 Buckingham,
1345 2725 1429 2762 voir
1454 2726 1580 2762 Frois-
