1923 3358
438 217 502 253 112
714 217 1086 252 CHRONOGRAPHIA
1113 217 1265 249 REGUM
1291 218 1570 252 FRANCORUM.
1736 217 1841 264 [1340

434 301 626 362 hospes,
662 303 711 345 ut
748 296 955 343 traderet
989 312 1092 351 eos,
1131 296 1336 342 cucurrit
1372 296 1430 343 ad
1456 297 1751 347 Valencianas
1783 301 1841 348 ad

435 374 682 423 Girardum
716 371 774 419 de
800 371 1036 428 WercinO,
1066 371 1372 418 senescallum
1399 373 1631 421 Hanonie1
1661 383 1707 422 et
1731 393 1842 439 pro-

433 450 558 497 misit
583 449 624 495 ei
651 447 890 511 predictos
916 446 1085 494 offerre
1117 446 1422 505 dormientes,
1453 448 1492 495 si
1519 449 1658 497 vellet
1681 451 1842 499 venire

433 529 491 575 ad
541 527 740 589 Montay.
785 526 869 583 Qui
916 526 1239 589 acquiescens,
1288 542 1393 573 cum
1439 526 1598 575 multis
1644 528 1842 576 homini-

431 605 519 652 bus
538 620 779 652 armorum
800 603 956 651 statim
974 603 1101 651 venit
1121 620 1228 651 cum
1247 602 1373 651 dicto
1392 604 1577 668 hospite
1593 623 1605 662 3
1625 604 1842 653 domum-

431 698 521 745 que
557 681 656 746 ejus
691 681 918 728 intrantes
955 697 1140 729 summo
1176 681 1396 739 diluculo,
1432 681 1715 730 invenerunt
1746 683 1842 731 dic-

430 765 503 806 tos
534 758 653 806 duos
685 757 871 815 milites,
902 757 982 821 qui
1015 774 1121 805 sero
1153 758 1353 806 multum
1376 758 1539 806 vinum
1564 766 1843 823 potaverant

430 851 536 883 cum
562 835 829 883 hominibus
856 835 952 883 suis
979 835 1162 882 fortiter
1182 835 1487 894 dormientes,
1514 853 1634 900 quos
1656 853 1836 895 omnes,

430 918 589 976 preter
619 912 767 960 dictos
797 912 984 970 milites,
1019 912 1359 960 interemerunt
1390 931 1398 960 :
1431 913 1694 978 evigilitatis
1725 932 1842 979 quo—

430 1006 521 1053 que
563 990 748 1038 duobus
794 990 1040 1047 militibus,
1090 990 1352 1054 ligaverunt
1392 1007 1473 1039 eos
1517 997 1563 1039 et
1607 991 1842 1040 duxerunt

430 1083 616 1124 secum,
662 1083 864 1130 cumque
911 1067 1143 1114 exercitus
1189 1071 1475 1115 Francorum
1519 1085 1842 1117 commovere-

429 1150 506 1192 tur
524 1150 570 1191 et
593 1160 674 1192 eos
694 1144 1037 1207 insequeretur,
1062 1144 1381 1192 Hanonienses
1404 1161 1485 1192 eos
1509 1145 1838 1210 percipientes,

429 1226 678 1285 utrumque
713 1221 907 1268 militem
939 1221 1094 1286 gladio
1123 1221 1394 1285 quindecies
1426 1229 1763 1286 percusserunt
1795 1224 1842 1271 in

427 1315 649 1362 corpore,
685 1315 738 1346 ac
776 1315 856 1346 eos
890 1305 1103 1346 mortuos
1134 1298 1460 1347 dimiserunt2.
1490 1303 1615 1358 Quos
1647 1300 1842 1349 afferen-

426 1381 514 1434 tes,
541 1376 698 1423 Gallici
723 1376 1007 1440 sepelierunt
1033 1393 1114 1424 eos
1139 1375 1186 1423 in
1213 1377 1409 1425 Castello
1436 1379 1758 1427 Cameracesii.

490 1455 594 1500 Dux
624 1459 779 1500 autem
808 1453 1107 1511 Normannie,
1139 1453 1196 1501 de
1222 1454 1311 1501 hoc
1335 1454 1535 1502 multum
1557 1455 1769 1504 tristatus
1795 1463 1841 1504 et

427 1529 506 1593 qui
533 1546 639 1577 cum
666 1546 722 1577 eo
748 1536 898 1586 erant,
928 1530 1155 1577 intrantes
1181 1531 1438 1579 Hanoniam
1465 1548 1636 1596 magno
1662 1533 1836 1590 animo,

426 1613 652 1670 ceperunt
668 1606 986 1655 Hanonienses
1006 1607 1236 1666 occidere,
1259 1608 1460 1671 patriam
1480 1609 1642 1673 spoliis
1662 1610 1839 1658 nudare

426 1688 564 1746 atque
590 1684 805 1731 incendio
831 1684 1093 1732 devastare.
1125 1688 1191 1732 Eo
1223 1702 1425 1748 namque
1458 1685 1532 1734 die
1564 1686 1661 1734 dux
1693 1693 1839 1735 meta-

426 1766 499 1808 tus
532 1766 603 1808 est
634 1766 786 1808 castra
819 1778 901 1809 sua
934 1761 1059 1825 apud
1086 1763 1386 1810 Fontenelam
1419 1762 1477 1811 ad
1503 1764 1679 1812 Denain
1712 1770 1758 1812 et
1792 1764 1836 1812 in

424 1837 571 1900 pratis
596 1854 746 1901 prope
766 1838 1086 1886 Valencianas.

488 1917 555 1961 Eo
581 1920 693 1962 tunc
717 1931 875 1963 comes
901 1916 1107 1963 Hanonie
1128 1916 1173 1962 in
1196 1915 1418 1964 Gandavo
1440 1923 1556 1974 erat,
1576 1934 1837 1981 procurans

423 2009 449 2038 a
479 1990 729 2056 Flamingis
764 1997 811 2038 et
844 1991 902 2038 ab
938 1991 1036 2038 aliis
1069 2007 1314 2039 sucursum
1348 1998 1394 2040 et
1423 1992 1643 2056 juvamen
1675 2000 1834 2042 contra

423 2073 652 2126 Francos3
681 2077 728 2118 et
760 2070 805 2117 in
837 2070 1125 2120 Valencianis
1160 2071 1461 2118 commiserat
1497 2089 1554 2119 ex
1593 2078 1726 2135 parte
1765 2073 1834 2120 sui

424 2146 690 2204 Henricum,
724 2147 966 2194 dominum
1000 2148 1058 2194 de
1091 2148 1343 2213 Anthoing,
1379 2148 1457 2211 qui
1492 2165 1583 2196 non
1620 2149 1835 2212 permisit

423 2224 805 2272 communitatem
840 2225 947 2272 ville
986 2225 1114 2272 exire
1153 2232 1314 2272 contra
1353 2229 1584 2282 Francos;
1624 2242 1733 2290 ymo
1777 2244 1834 2274 ne

424 2300 622 2355 exirent,
651 2302 799 2348 tenuit
826 2308 986 2364 portas
1013 2302 1191 2350 clausas
1218 2309 1264 2349 et
1291 2303 1499 2351 firmatas
1525 2304 1673 2351 firmis
1700 2320 1834 2368 repa-

423 2377 589 2442 gulis3,
614 2377 739 2425 unde
765 2379 1147 2427 Valencianenses
1173 2380 1431 2427 contristati
1463 2387 1571 2428 sunt
1596 2380 1747 2439 valde,
1778 2397 1834 2428 eo

470 2524 501 2558 1.
527 2522 672 2559 Gerard
693 2522 737 2558 de
754 2524 960 2572 NVerchim
985 2526 1169 2562 senechal
1190 2526 1235 2562 de
1258 2526 1446 2563 Hainaut.

469 2581 503 2617 ⁴2.
527 2580 590 2618 Au
619 2582 828 2629 contraire,
850 2584 1040 2621 Froissart
1068 2592 1224 2622 raconte
1249 2597 1322 2634 que
1345 2587 1427 2624 seul
1448 2586 1482 2623 le
1505 2586 1580 2623 sire
1601 2586 1647 2623 de
1667 2586 1831 2623 Bailleul

428 2640 482 2677 sut
503 2642 581 2678 tue.

473 2700 505 2735 3.
530 2700 560 2735 Il
582 2700 704 2747 parait
725 2700 839 2747 qu'en
861 2702 949 2738 ess'et
970 2702 1092 2739 Henri
1113 2704 1325 2752 d'Antoing
1347 2705 1452 2741 avait
1472 2705 1508 2741 la
1527 2704 1641 2751 garde
1657 2704 1722 2741 ‹les
1738 2705 1830 2741 clefs
