1923 3358
357 271 424 307 ‘248
628 269 999 301 GHRONOGRAPHIA
1025 268 1178 300 REGUM
1203 269 1481 302 FRANCORUM.
1653 266 1759 313 [1350

356 352 438 399 diti
465 356 588 398 sunt.
618 351 733 394 Nam
760 347 932 393 multos
961 346 1173 393 homines
1205 362 1444 394 armorum
1470 354 1688 409 posuerat
1714 348 1760 394 in

354 426 460 472 villa
480 430 527 471 et
551 423 699 470 eciam
718 438 803 469 rex
822 422 986 486 Anglie
1012 438 1119 469 cum
1139 438 1309 486 magna
1329 428 1467 487 gente
1486 422 1593 470 illuc
1619 423 1761 470 adve-

354 506 512 556 nerat3
542 499 603 545 hii
623 498 839 545 exierunt
857 497 904 544 in
933 498 1132 561 prelium
1158 504 1319 545 contra
1339 501 1542 545 Francos
1567 504 1614 545 et
1638 498 1761 545 vice-

352 582 462 625 runt
494 592 574 623 eos
608 593 616 622 :
654 591 761 622 nam
794 575 966 622 mortui
1000 581 1109 622 sunt
1140 574 1358 622 dominus
1393 575 1452 622 de
1487 575 1755 638 Crequiaco‚

351 653 577 702 Henricus
598 652 656 699 de
676 655 842 708 Bosco,
868 652 1058 716 Pipinus
1079 652 1137 699 de
1157 655 1321 701 Werre
1343 651 1511 698 milites
1534 657 1580 699 et
1601 651 1759 715 plures

351 730 453 787 alii;
483 729 605 793 capti
628 735 736 777 sunt
759 729 905 776 eciam
932 728 1212 776 Godefridus
1239 728 1297 775 de
1324 730 1552 793 Carney0‚
1581 728 1760 776 Oudar-

351 807 439 854 dus
465 806 523 853 de
550 806 702 862 Remi,
733 805 1013 853 Exthachius
1040 805 1098 853 de
1125 804 1456 853 Ribodimonte
1489 811 1536 852 et
1560 804 1633 852 alii
1658 805 1761 868 plu-

350 901 425 931 res
455 883 534 946 qui
561 882 726 930 eadem
752 882 826 929 die
852 882 1114 945 prisionarii
1142 882 1268 929 ducti
1295 888 1401 930 sunt
1428 882 1475 929 in
1501 882 1756 946 Angliam1.

414 964 515 1008 Non
548 959 748 1007 multum
780 965 905 1023 post,
936 959 995 1006 ad
1030 964 1298 1022 requestam
1331 963 1471 1023 Pape,
1502 960 1620 1006 facte
1653 965 1761 1006 sunt

350 1042 513 1100 treuge
532 1036 676 1082 trium
693 1051 922 1082 annorum
940 1035 1062 1082 inter
1082 1034 1202 1082 duos
1222 1051 1376 1099 reges,
1401 1035 1488 1083 sub
1506 1051 1589 1099 spe
1607 1034 1755 1099 pacis.

348 1113 573 1160 Abierunt
599 1128 713 1176 ergo
739 1112 1014 1160 Avinionem
1039 1111 1098 1159 de
1127 1111 1370 1174 utriusque
1396 1112 1522 1176 regis
1542 1111 1752 1169 consilio,

348 1190 406 1237 ad
440 1189 700 1237 faciendam
732 1206 897 1252 pacem
929 1189 1051 1236 inter
1076 1205 1186 1246 e0s3
1217 1189 1355 1236 nichil
1381 1194 1539 1236 tamen
1563 1205 1758 1236 concor-

348 1266 460 1314 dare
486 1266 711 1320 valentes,
741 1265 979 1313 redierunt
1006 1265 1065 1313 ad
1094 1266 1310 1313 dominos
1338 1267 1494 1313 suos2.

411 1347 477 1391 Eo
503 1348 718 1406 tempore
739 1343 854 1390 obiit
882 1343 1042 1407 regina
1063 1343 1241 1400 clauda,
1275 1360 1394 1390 uxor
1413 1344 1536 1408 regis
1560 1343 1759 1407 Philippi

347 1427 394 1467 et
420 1436 557 1467 soror
582 1436 806 1484 germana
831 1419 1022 1477 Odonis,
1048 1419 1180 1467 ducis
1204 1420 1490 1485 Burgundie.
1522 1423 1648 1468 Tunc
1672 1437 1757 1468 rex

346 1496 586 1560 Philippus
625 1495 760 1543 duxit
799 1496 846 1542 in
884 1512 1082 1543 uxorem
1126 1496 1268 1542 filiam
1311 1496 1533 1559 Philippi,
1576 1496 1758 1544 comitis

346 1572 642 1622 Ebro'icensis
661 1579 708 1620 et
733 1573 858 1637 regis
881 1576 1104 1630 Navarre,
1131 1572 1399 1620 consobrini
1418 1572 1534 1620 sui3.

393 1719 425 1754 1.
448 1717 567 1753 Notre
587 1717 799 1764 chronique
826 1729 874 1754 ne
901 1717 955 1753 dit
981 1729 1048 1765 pas
1077 1730 1130 1754 un
1159 1723 1239 1754 mot
1269 1718 1314 1754 de
1343 1718 1471 1754 divers
1502 1718 1676 1755 combats
1707 1730 1756 1756 en

344 1776 526 1821 Flandre,
549 1775 688 1823 abrege
710 1777 743 1812 le
766 1777 860 1813 recit
882 1777 927 1812 de
949 1777 984 1812 la
1005 1777 1144 1813 defaite
1173 1777 1218 1813 de
1246 1777 1407 1813 Charles
1433 1777 1479 1813 de
1508 1777 1628 1824 Blois,
1650 1778 1756 1814 enfin

344 1846 455 1881 passe
482 1835 741 1871 entierement
770 1846 859 1871 sous
892 1835 1037 1871 silence
1065 1835 1166 1871 deux
1194 1847 1427 1883 campagnes
1452 1847 1502 1872 en
1535 1836 1753 1884 Gascogne‚

344 1905 392 1930 en
414 1894 584 1941 Agenois
605 1900 643 1930 et
664 1905 712 1930 en
734 1894 885 1930 Poitou.
908 1895 941 1929 Il
961 1907 986 1941 y
1008 1900 1072 1930 eut
1093 1900 1337 1931 notamment
1364 1907 1418 1931 un
1439 1895 1542 1942 siege
1563 1895 1608 1931 de
1630 1896 1754 1942 Tulle,

343 1952 410 1988 fait
436 1963 505 1999 par
533 1953 566 1988 le
593 1958 717 1988 comte
746 1952 1008 2000 d'Armagnac
1035 1958 1072 1989 et
1101 1954 1166 2000 qui
1194 1953 1290 1989 dura
1314 1953 1365 1989 du
1387 1954 1429 1990 10
1463 1954 1673 1990 novembre
1707 1966 1756 1991 au

342 2011 386 2048 26
407 2011 611 2047 decembre
640 2011 730 2048 1346
753 2011 900 2058 (Viard,
927 2014 1127 2048 Journauoe
1155 2013 1204 2047 du
1233 2013 1362 2047 Trdsor
1390 2013 1432 2048 de
1456 2014 1623 2058 Philippe
1650 2014 1692 2049 VI
1715 2014 1757 2049 de

350 2072 476 2114 Valoz's,
500 2070 520 2106 ἐι
540 2070 577 2105 la
597 2069 683 2106 date
703 2069 752 2106 du
773 2070 814 2106 31
839 2070 1042 2106 decembre
1065 2070 1181 2112 1349).
1206 2071 1265 2106 Au
1286 2071 1496 2117 contraire,
1518 2072 1574 2107 les
1594 2082 1755 2108 manus—

343 2129 435 2165 crits
457 2129 672 2175 reproduits
694 2140 762 2176 par
789 2130 881 2165 MM.
906 2130 1086 2167 Molinier
1113 2130 1210 2166 dans
1237 2131 1321 2166 leur
1343 2130 1489 2167 edition
1515 2130 1561 2167 de
1583 2131 1619 2166 la
1640 2132 1756 2167 Chro-

343 2191 455 2232 nique
488 2190 691 2224 nor-mande
723 2188 897 2224 donnent
931 2195 1016 2225 tous
1053 2199 1117 2225 ces
1151 2190 1490 2237 renseignements
1524 2189 1596 2237 (Cf.
1625 2201 1661 2237 p.
1694 2191 1752 2236 95,

342 2252 433 2281 note
465 2248 510 2291 1).
542 2246 647 2292 Seul,
680 2247 759 2282 l‘un
788 2247 854 2283 des
885 2249 1122 2284 manuscrits
1150 2249 1261 2296 qu'ils
1292 2255 1358 2285 ont
1388 2249 1536 2285 etudies
1558 2260 1670 2296 passe
1698 2250 1752 2286 les

341 2305 489 2340 memes
509 2304 646 2341 details
667 2316 740 2353 que
761 2312 870 2343 notre
893 2307 1121 2355 chronique.

387 2363 421 2398 ⁴2.
446 2362 545 2398 G’est
575 2363 721 2400 Oudart
750 2365 795 2400 de
825 2365 1041 2413 Fontenay,
1065 2366 1192 2414 doyen
1222 2366 1267 2402 de
1296 2367 1444 2403 Nevers
1466 2372 1503 2403 et
1523 2367 1662 2403 maitre
1683 2366 1749 2404 des

343 2422 519 2469 requetes
539 2422 584 2458 de
606 2423 749 2468 l’hotel‚
772 2424 849 2471 qui,
873 2436 968 2461 avec
989 2425 1155 2462 d’autres
1184 2425 1408 2462 conseillers
1435 2437 1598 2474 royanx,
1621 2427 1750 2473 repre-

343 2486 454 2516 senta
486 2481 520 2516 le
555 2481 610 2516 roi
642 2482 687 2518 de
720 2483 869 2519 France
903 2495 978 2520 aux
1012 2485 1257 2531 pourparlers
1291 2496 1385 2521 avec
1419 2485 1473 2521 les
1505 2484 1670 2532 Anglais
1701 2496 1750 2522 en

341 2539 545 2575 decembre
575 2540 664 2575 1349
695 2546 731 2576 ct
757 2542 912 2587 janvier
942 2544 1031 2579 1350
1063 2544 1208 2589 (Viard,
1240 2547 1439 2581 Journausc
1464 2546 1514 2580 du
1551 2547 1678 2581 Tresor
1707 2546 1750 2580 de

342 2600 506 2644 Philippa
535 2600 575 2634 VI
593 2600 633 2633 de
662 2601 788 2641 Valots,
807 2602 828 2636 51
849 2602 884 2637 lat
904 2602 992 2638 date
1013 2603 1062 2638 du
1084 2603 1128 2639 23
1150 2614 1254 2638 mars
1277 2604 1382 2650 1350,
1399 2615 1436 2639 n.
1455 2608 1531 2650 st.).
1549 2603 1620 2640 Ces
1635 2604 1749 2650 nego-

343 2658 521 2703 ciations,
543 2658 766 2704 auxquelles
787 2661 888 2696 avait
911 2661 1060 2707 preside
1082 2662 1115 2698 le
1137 2662 1318 2708 seigneur
1333 2662 1577 2707 d'Offi'mont,
1594 2662 1749 2698 avaient

343 2715 436 2751 dure
459 2728 511 2751 un
534 2728 582 2752 an
604 2716 765 2752 environ
789 2720 906 2762 (Ibem,
930 2720 952 2755 ξι
976 2721 1010 2755 la
1030 2720 1116 2757 date
1138 2721 1187 2756 du
1208 2721 1248 2757 31
1274 2721 1350 2757 mai
1374 2721 1490 2766 1349).

391 2775 424 2810 3.
447 2775 599 2811 Jeanne
629 2774 673 2811 dc
704 2775 936 2822 Bourgogne
966 2785 1118 2815 mourut
1153 2780 1184 2815 lc
1217 2780 1259 2815 12
1290 2780 1492 2816 decembre
1521 2779 1623 2817 1349.
1653 2780 1745 2817 Phi-
