1923 3358
376 261 420 296 70
647 258 1018 293 CHRONOGRAPHIA
1044 256 1197 288 REGUM
1222 254 1501 287 FRANGORUM.
1670 248 1776 297 [1339

376 342 653 396 Montibus¹;
680 341 726 386 in
747 337 1030 385 monasterio
1056 351 1170 383 vero
1187 334 1459 382 monialium
1483 335 1660 383 ordinis
1683 335 1779 383 Cis-

375 419 631 473 terciensiS,
667 420 984 478 nuncupatum
1018 412 1286 476 Espinleffl,
1316 411 1449 475 juxta
1481 412 1779 475 prenomina-

375 503 470 545 tam
496 496 649 542 villam
676 493 734 540 de
758 492 1006 548 Montibus,
1037 507 1208 554 corpus
1234 505 1370 537 suum
1395 489 1597 536 locatum
1622 494 1710 537 est.

438 572 696 635 Episcopus
731 575 886 617 autem
920 566 1250 640 Lincolniensis
1281 571 1326 613 et
1359 565 1550 628 quidam
1579 565 1779 613 barones

373 648 552 713 Anglie,
576 663 683 695 cum
702 646 908 697 Waltero
928 645 987 692 de
1005 645 1172 709 Magni,
1195 644 1242 691 in
1262 643 1465 690 maxima
1486 641 1780 690 multitudine

373 728 688 789 pugnatorum
718 722 777 769 ab
813 721 1020 768 exercitu
1055 720 1350 776 recedenteS‚
1387 718 1446 766 ad
1481 717 1780 768 valencianas

372 805 619 848 venerunt.
659 798 729 847 Ab
768 798 881 862 ipsis
919 814 1033 844 vero
1077 797 1229 844 dictus
1265 796 1497 845 Walterus
1534 794 1776 852 recedens,

373 895 479 926 cum
505 876 839 941 quinquaginta
870 874 1135 922 hominibus
1167 889 1407 920 armorum
1436 872 1494 920 ad
1521 871 1781 920 Condetum

373 970 514 1018 super
540 952 786 1001 Scaldumss
808 958 854 999 et
879 951 1047 998 abhinc
1072 951 1130 997 ad
1157 950 1360 998 Roulon⁴
1381 966 1600 1013 pergens,
1625 948 1683 996 de
1710 949 1779 996 sui

372 1031 468 1078 voti
512 1029 855 1093 complemento
902 1028 1108 1075 solicitus
1149 1027 1272 1090 (sic),
1314 1026 1487 1074 ibidem
1531 1026 1605 1072 illa
1646 1031 1782 1073 nocte

372 1107 498 1155 stetit
532 1125 541 1153 :
575 1112 620 1154 et
654 1106 765 1152 dum
805 1105 1131 1160 dilucesceret,
1174 1103 1295 1150 circa
1334 1103 1443 1151 solis
1479 1108 1635 1150 ortum
1674 1102 1781 1149 inde

372 1201 478 1233 cum
511 1184 606 1232 suis
637 1182 879 1239 recedens,
913 1182 1042 1228 venit
1073 1181 1132 1228 ad
1167 1187 1352 1243 portam
1383 1179 1609 1228 Mortanie
1640 1195 1782 1243 super

372 1259 605 1315 Scaldum,
636 1275 777 1321 quam
807 1264 1018 1320 apertam
1051 1256 1310 1312 inveniens,
1340 1255 1496 1302 villam
1523 1255 1712 1302 intravit
1736 1261 1780 1301 et

371 1337 576 1384 breviter
601 1335 751 1399 ipsam
779 1334 1039 1397 predavit5.
1069 1336 1185 1382 Cum
1209 1339 1367 1380 autem
1392 1331 1678 1379 habitatores
1702 1333 1781 1395 qui

372 1412 521 1459 adhuc
540 1411 586 1457 in
607 1410 835 1458 cubilibus
856 1415 1004 1465 erant,
1026 1414 1250 1472 tanquam
1267 1409 1404 1456 nichil
1425 1408 1593 1456 horum
1614 1408 1782 1457 timen-

370 1496 457 1546 tes,
487 1493 800 1552 perceperunt
831 1504 912 1535 eos
944 1503 1045 1534 esse
1075 1486 1308 1550 Anglicos,
1344 1485 1549 1532 maximo
1581 1486 1781 1533 tumultu

369 1566 506 1622 factO,
530 1565 748 1621 clamare,
772 1571 818 1611 et
837 1563 1015 1628 Anglici
1035 1580 1092 1610 ex
1114 1563 1200 1610 alia
1225 1568 1359 1625 parte
1380 1579 1461 1609 eos
1478 1561 1644 1626 gladiis
1661 1562 1782 1609 occi-

370 1643 481 1690 dere
516 1659 569 1690 ac
602 1647 752 1689 totum
786 1641 892 1704 igne
928 1656 1136 1687 cremare
1172 1645 1416 1702 ceperunt.
1455 1642 1622 1686 Fertur
1657 1638 1781 1685 enim

370 1718 497 1783 quod
524 1718 650 1765 idem
669 1717 901 1766 Walterus
923 1716 981 1763 de
1002 1716 1168 1780 Magni,
1193 1722 1244 1762 ut
1265 1721 1426 1763 votum
1453 1715 1577 1779 quod
1601 1715 1780 1763 dudum

369 1796 416 1842 in
449 1794 686 1843 Londonia
721 1799 917 1840 voverat
952 1793 1317 1856 percompleret,
1354 1793 1534 1856 primus
1569 1793 1779 1841 omnium

419 1960 450 1994 1.
473 1947 652 1994 Edouard
671 1956 729 1992 III
749 1960 860 1993 entra
881 1956 915 1992 16
937 1956 980 1992 13
1003 1955 1219 2003 septembre
1242 1956 1264 1991 a
1285 1956 1410 1992 Mons.

417 2016 450 2052 2.
476 2015 651 2062 Spinlieu
677 2026 726 2051 ou
753 2015 948 2062 Epinlieu,
971 2026 1035 2062 qul
1057 2026 1105 2051 en
1126 2015 1222 2050 latin
1244 2026 1283 2051 se
1310 2014 1423 2050 disait
1450 2016 1626 2061 Spinosus
1656 2017 1776 2052 Locus.

371 2074 505 2111 C’etait.
526 2085 575 2110 en
596 2075 684 2110 effet
712 2086 765 2110 un
791 2074 1011 2110 monestere
1032 2073 1078 2110 de
1100 2073 1260 2109 femmes
1287 2084 1334 2109 au
1360 2073 1511 2110 diocese
1532 2073 1577 2110 de
1599 2074 1780 2110 Cambrai

372 2135 507 2179 (Gallia
527 2134 747 2175 christiana,
772 2137 798 2168 t.
823 2132 895 2179 111,
916 2144 951 2179 p.
977 2132 1071 2178 191).

418 2191 452 2226 3.
476 2190 890 2237 Conde-sur-I'Escaut,
917 2190 1036 2236 Nord,
1059 2190 1388 2227 arrondissement
1408 2190 1454 2227 de
1474 2191 1778 2238 Valenciennes,

371 2249 550 2285 chef-lieu
574 2248 620 2285 de
642 2254 798 2285 canton.

418 2308 451 2342 1.
476 2307 672 2351 Rouillon,
693 2308 813 2354 Nord,
835 2308 1165 2344 arrondissement
1185 2308 1229 2343 de
1251 2308 1552 2355 ValencienneS„
1572 2315 1715 2346 canton
1733 2310 1779 2346 de

372 2365 871 2404 Saint-Amand-les-Eaux.
889 2368 1046 2404 Comme
1066 2369 1102 2416 je
1126 2368 1187 2404 l'ai
1208 2368 1261 2404 dit
1281 2369 1366 2415 plus
1383 2370 1491 2416 haut,
1508 2370 1562 2406 les
1576 2371 1779 2406 Ancienncs

371 2428 587 2471 chroniques
606 2427 648 2461 de
667 2428 825 2461 Flandre
848 2429 969 2471 (Istorc
996 2432 1028 2463 et
1054 2430 1243 2473 croniques
1269 2430 1311 2464 dc
1337 2431 1525 2474 Flandres,
1546 2436 1573 2466 t.
1598 2429 1627 2475 Ι,
1650 2441 1687 2476 p.
1710 2429 1778 2466 374

373 2491 409 2522 et
430 2485 525 2531 413),
548 2490 628 2520 tout
653 2495 702 2520 611
728 2484 901 2521 donn-ant
923 2487 944 2522 ii
964 2497 1037 2534 peu
1058 2488 1146 2533 pres
1167 2487 1204 2522 la
1224 2487 1350 2523 meme
1377 2488 1547 2534 version,
1568 2487 1779 2535 l'abregent

373 2545 417 2581 de
438 2544 528 2580 telle
549 2544 659 2591 sagon
681 2554 753 2590 que
776 2544 809 2578 le
832 2545 926 2580 fecit
948 2546 1101 2582 devient.
1122 2557 1283 2594 presque
1305 2547 1653 2584 meconnaissable.

422 2606 455 2639 5.
476 2603 522 2639 20
543 2603 757 2649 septembre
781 2604 882 2640 1339.
907 2605 960 2641 Cf.
986 2606 1175 2643 Froissart
1198 2608 1268 2646 (ed.
1291 2608 1408 2653 Luce,
1430 2614 1456 2644 t.
1479 2607 1511 2653 Ι,
1533 2619 1568 2654 p.
1594 2607 1657 2644 154
1674 2606 1777 2644 &1156

375 2668 411 2698 et
432 2663 496 2697 ³144
519 2662 540 2697 a
564 2662 660 2707 447),
682 2661 773 2697 dont
797 2662 831 2697 la
854 2664 1015 2699 relation
1038 2677 1086 2702 ne
1108 2665 1297 2702 concorde
1325 2677 1405 2713 pas,
1428 2666 1523 2702 dans
1551 2666 1605 2702 les
1625 2665 1777 2712 details,

376 2732 469 2757 avec
491 2722 585 2758 celle
605 2721 649 2757 de
671 2727 781 2757 notre
803 2722 1027 2769 chronique.
