1923 3358
377 256 443 292 182
646 256 1016 289 CHRONOGRAPHIA
1042 255 1195 287 REGUM
1220 254 1498 287 FRANCORUM.
1667 250 1770 297 [1341

372 337 523 386 decim
554 336 670 391 dies,
700 334 759 381 ad
784 332 1068 380 audiendum
1089 332 1316 397 judicium
1348 330 1531 394 parium
1559 348 1768 379 suorum.

371 416 535 462 Comes
554 417 708 459 autem
729 414 1004 473 preceptum
1025 408 1124 473 ejus
1141 408 1397 472 adimplere
1413 424 1565 472 prona
1580 424 1775 473 respon-

370 491 502 538 cione
521 486 698 545 annuit,
721 486 827 534 licet
847 486 971 534 aliud
988 486 1183 534 haberet
1200 486 1248 533 in
1269 484 1411 532 corde
1432 501 1536 533 suo.

433 570 609 619 Deinde
637 570 726 617 hoc
746 569 885 626 facto,
916 569 1095 633 absque
1121 569 1258 633 longa
1292 584 1442 625 mora,
1479 567 1638 616 exiens
1664 568 1776 616 abiit

369 649 414 695 in
444 646 729 695 Britanniam
755 662 1028 710 ponensque
1054 646 1370 710 garnisionem
1393 645 1441 692 in
1467 650 1621 693 castro
1648 645 1774 694 dicto

369 723 661 781 Chatoucel1‚
685 723 925 788 profectus
948 729 1018 771 est
1037 722 1274 780 Nannetis,
1304 722 1383 770 ubi
1413 726 1602 785 reperta
1628 738 1776 770 uxore

369 819 469 859 sua,
494 800 700 849 narravit
713 800 754 847 ei
775 800 888 864 quid
909 800 1141 848 acciderat
1153 800 1219 857 ei3
1241 799 1444 862 indeque
1461 798 1621 846 abiens
1637 802 1776 847 Hem-

368 879 461 926 bon
498 894 641 941 supra
665 893 832 925 versus
866 876 1027 941 gallice
1061 877 1101 923 le
1126 876 1246 924 Reus
1277 876 1431 924 Sancti
1463 875 1672 934 Mathei2‚
1711 876 1775 924 ibi

367 955 524 1019 posuit
551 971 640 1017 pro
665 953 906 1018 capitaneo
936 955 1148 999 Yvonem
1179 952 1237 999 de
1277 952 1543 1016 TingriacO‚
1583 952 1777 1000 militem

368 1049 474 1081 cum
501 1031 721 1080 trecentis
741 1030 980 1087 soldariis;
1005 1046 1111 1077 cum
1139 1029 1309 1092 quibus
1333 1036 1434 1077 erat
1463 1046 1633 1095 magna
1659 1031 1778 1078 mul-

366 1110 519 1157 titudo
560 1109 747 1156 illorum
788 1108 846 1155 de
881 1108 1004 1154 villa.
1046 1110 1216 1154 Postea
1247 1106 1408 1154 abiens
1443 1106 1502 1154 ad
1528 1106 1777 1154 Castellum

368 1185 524 1250 Regis,
545 1185 672 1232 misit
691 1185 753 1232 ibi
774 1184 892 1232 duos
914 1183 1099 1239 milites,
1122 1183 1294 1230 scilicet
1313 1182 1562 1230 Henricum
1584 1182 1642 1230 de
1660 1185 1778 1229 Pen-

368 1262 537 1310 neforti
563 1268 610 1309 et
636 1261 889 1318 Oliverum,
920 1260 1114 1307 fratrem
1143 1259 1259 1324 ejus,
1289 1275 1397 1307 cum
1425 1259 1778 1324 quadringentis

368 1339 482 1386 viris
507 1354 766 1386 armorum.

432 1420 505 1469 Sic
530 1421 685 1483 itaque
705 1419 867 1467 abiens
892 1435 978 1482 per
998 1419 1152 1466 omnia
1172 1424 1324 1466 castra
1344 1418 1597 1476 Britannie‚
1618 1418 1775 1481 posuit

368 1497 657 1562 garnisiones
685 1496 928 1545 hominum
953 1512 1195 1543 armorum
1221 1502 1267 1544 et
1292 1495 1562 1543 victualium
1588 1495 1647 1542 ad
1678 1495 1778 1542 def-

369 1574 655 1622 fendendum
701 1580 748 1621 et
793 1572 1151 1621 custodiendum
1200 1590 1270 1620 ea.
1326 1572 1500 1631 Quibus
1554 1572 1772 1636 peractis,

368 1667 612 1716 regressus
664 1650 780 1714 [est]
828 1650 1044 1697 Nannetis
1091 1649 1149 1697 ad
1200 1665 1397 1698 uxorem
1442 1665 1597 1707 suam,
1646 1649 1777 1714 cujus

369 1727 561 1775 consilio
583 1727 786 1774 maxime
808 1726 1025 1774 utebatur
1036 1728 1071 1773 3.

415 1893 448 1928 1.
472 1892 789 1938 Chateauceaux‚
821 1891 1166 1938 Maine-et-Loire‚
1197 1891 1529 1928 arrondissement
1562 1890 1769 1940 d’Angers,

368 1956 511 1988 canton
530 1951 577 1987 de
599 1950 1129 1998 Saint-Georges-sur-Loire
1153 1952 1199 1996 (v.
1223 1962 1351 1996 supra,
1374 1962 1410 1998 p.
1435 1950 1516 1997 169,
1538 1956 1628 1987 note
1652 1952 1696 1997 1).

413 2017 447 2054 2.
470 2017 503 2053 Il
529 2017 610 2053 faut
638 2027 728 2052 sans
752 2016 866 2052 doute
887 2016 957 2052 lire
977 2016 1028 2052 ici
1050 2019 1080 2052 le
1101 2018 1167 2052 Ras
1188 2027 1237 2052 ou
1259 2018 1289 2051 le
1309 2018 1381 2053 Raz
1403 2018 1444 2052 de
1469 2017 1703 2052 Saint-Mahci
1721 2027 1771 2053 ou

367 2078 408 2112 de
428 2076 728 2112 Satnt-Matlzsieu.
753 2074 852 2111 C’est
873 2086 921 2112 ou
943 2075 1071 2111 c'etait
1093 2075 1126 2110 le
1155 2086 1245 2111 nom
1267 2075 1357 2110 d'un
1388 2080 1551 2112 courant
1579 2074 1707 2122 rapide
1733 2080 1771 2111 et

369 2135 603 2181 (tangerem,
625 2145 674 2171 en
695 2134 777 2171 face
798 2134 843 2170 de
864 2134 1037 2181 l’abbaye
1058 2134 1104 2170 de
1129 2134 1437 2170 Saint-Mathieu
1459 2133 1504 2169 de
1525 2133 1772 2179 Fine-Terre,

369 2193 490 2228 situee
518 2194 604 2238 pres
631 2192 681 2228 du
710 2192 900 2239 Conquet,
930 2203 995 2228 sur
1016 2192 1052 2227 la
1071 2191 1200 2238 pointe
1233 2192 1269 2227 la.
1295 2191 1380 2238 plus
1404 2191 1643 2228 occidentale
1667 2191 1771 2228 dela

368 2251 576 2297 Brctagne.
604 2252 659 2286 La.
678 2251 853 2287 mention
876 2262 949 2298 que
977 2251 1011 2287 le
1046 2251 1307 2297 chrouiqueur
1327 2250 1473 2291 fait0ici
1502 2250 1775 2286 d'Hennebont

368 2313 427 2344 est
446 2320 499 2343 un
519 2308 593 2344 bon
615 2310 789 2356 exemple
810 2310 876 2346 des
897 2320 1048 2346 erreurs
1071 2309 1374 2356 geographiques
1395 2309 1460 2345 des
1488 2309 1769 2357 chroniqueurs

370 2367 535 2415 franceis
551 2378 599 2402 eu
615 2379 656 2403 ce
671 2369 735 2415 qui
750 2370 890 2406 touche
907 2370 943 2405 la
956 2370 1205 2416 topographia
1220 2369 1424 2414 bretonne‚
1439 2380 1504 2406 car
1517 2369 1766 2411 Heunebont,

371 2436 437 2461 sur
463 2425 499 2460 la
524 2426 608 2461 cote
636 2426 705 2461 sud
732 2427 776 2462 dc
803 2427 1011 2475 Bretagne,
1039 2427 1137 2464 n'est
1164 2428 1204 2463 ni
1234 2428 1441 2465 au-dessus
1464 2430 1602 2474 (supra)
1624 2428 1772 2464 nivers

371 2483 517 2530 (versus)
534 2483 567 2518 le
586 2483 662 2519 Ras
676 2484 720 2519 de
737 2485 1059 2532 Saint-Mathieu,
1075 2486 1311 2523 Hennebont
1332 2498 1381 2523 en
1402 2492 1475 2533 est,
1493 2499 1539 2524 au
1563 2487 1767 2531 contraire,

374 2542 444 2577 sort
473 2541 637 2588 eloigne.
667 2543 765 2578 Mais
795 2550 894 2581 cette
924 2546 1135 2582 indication
1160 2546 1461 2594 topographique
1484 2547 1666 2583 convient
1694 2546 1771 2581 tros

374 2601 463 2637 bien
485 2601 508 2636 ἐι
525 2601 651 2636 Brcst.

421 2666 454 2701 3.
478 2665 512 2700 A
534 2666 682 2702 relevor
702 2677 840 2703 encore
862 2668 910 2704 ici
932 2669 968 2704 la
989 2670 1131 2716 grande
1153 2670 1347 2707 inssueuce
1363 2669 1550 2706 attribuee
1571 2668 1592 2704 εὶ
1614 2669 1649 2703 la
1670 2679 1770 2704 com-

376 2731 476 2760 tesso
497 2724 542 2761 de
560 2724 743 2761 Montfort
766 2737 830 2761 sur
851 2738 918 2762 son
941 2729 1051 2764 mari.
