1923 3358
366 273 409 309 78
638 270 1007 305 CHRONOGRAPHIA
1034 269 1188 301 REGUM
1213 268 1496 301 FRANCORUM.
1664 265 1769 313 [1339

428 357 572 401 Porro
604 352 720 399 duce
751 348 1003 398 Lincastrie
1035 364 1140 395 cum
1172 347 1268 394 acie
1302 364 1384 394 sua
1410 352 1457 394 et
1484 346 1584 394 aliis
1615 347 1771 394 villam

363 430 612 478 assultibus
649 428 968 491 impugnante,
1009 441 1174 489 magna
1216 423 1485 471 resistencia
1526 423 1612 471 sibi
1651 424 1771 472 sacta

362 514 448 563 est,
472 512 522 554 ut
540 503 673 552 multi
697 503 1048 560 occiderentur3
1071 508 1117 550 et
1140 501 1290 549 adhuc
1314 501 1473 564 plures
1497 501 1637 548 occisi
1657 501 1771 548 fuis-

361 588 486 638 sent,
531 580 617 628 nisi
658 596 742 628 rex
781 580 943 644 Anglie
986 578 1345 643 superveniens,
1390 577 1667 625 inhibuisset
1704 576 1771 625 eis

360 657 603 714 assultum,
638 661 689 704 ut
721 656 868 720 magis
903 655 1017 703 uniti
1053 660 1098 702 et
1128 653 1377 701 validiores
1407 658 1580 708 essent,
1616 652 1655 700 si
1685 669 1770 700 rex

360 733 547 781 Francie
580 749 660 780 eos
695 732 965 780 debellaret.
1002 731 1176 780 Deinde
1208 730 1334 778 venit
1365 730 1567 793 patriam
1603 729 1770 777 devas-

358 809 500 857 tando
526 809 585 857 ad
610 809 884 858 Moncellum
919 808 1070 857 Sancti
1107 806 1359 866 Quintini1‚
1388 807 1468 855 ubi
1508 812 1660 854 castra
1687 823 1770 854 sua

360 892 561 934 metatus
588 892 677 934 est.

419 963 597 1010 Eodem
608 968 821 1026 tempore
835 962 1091 1010 advenerat
1100 961 1145 1008 in
1157 960 1397 1008 Franciam
1408 964 1431 1010 J
1434 960 1657 1018 ohannes,
1672 959 1768 1007 dux

359 1039 650 1086 Atheniensis
677 1044 815 1102 atque
840 1038 1038 1085 Brienne
1058 1038 1103 1084 in
1122 1038 1369 1101 Campania
1396 1037 1606 1093 Francie,
1635 1042 1769 1084 ortus

360 1133 418 1163 ex
433 1117 578 1180 stirpe
591 1116 827 1173 Johannis,
846 1116 1043 1164 condam
1059 1115 1183 1179 regis
1196 1119 1219 1164 J
1223 1114 1607 1171 herosolimitani,
1624 1114 1770 1162 comi-

358 1193 418 1241 tis
436 1193 748 1249 Briennensis,
774 1192 833 1240 de
860 1209 953 1256 quo
975 1209 1060 1240 suo
1080 1192 1182 1239 loco
1210 1192 1425 1255 superius
1453 1197 1523 1239 est
1548 1192 1764 1239 relatum.

358 1270 442 1318 Hic
474 1276 630 1317 autem
665 1270 784 1327 dux,
820 1269 879 1316 de
911 1269 1081 1317 ducatu
1117 1286 1202 1316 suo
1233 1286 1324 1316 non
1359 1268 1592 1333 gaudebat
1623 1287 1632 1315 :
1660 1284 1769 1315 nam

357 1347 648 1410 temporibus
679 1346 825 1409 patris
858 1347 927 1394 sui
954 1353 999 1393 et
1024 1346 1187 1394 matris
1222 1363 1304 1393 sue
1331 1363 1421 1410 que
1447 1351 1548 1393 erat
1573 1362 1632 1394 ex
1657 1362 1768 1409 pro-

355 1424 489 1488 genie
513 1424 697 1471 illorum
722 1423 780 1471 de
807 1423 1081 1472 Castellione
1107 1423 1153 1470 in
1180 1423 1388 1480 Francia,
1414 1422 1508 1470 duo
1535 1422 1767 1471 Cathalani

355 1502 522 1565 pirate,
546 1518 667 1549 unus
693 1507 884 1548 vocatus
909 1503 1120 1565 Rogerus
1139 1500 1198 1548 de
1217 1500 1353 1548 Loria
1374 1506 1420 1547 et
1439 1500 1555 1547 alter
1573 1503 1768 1547 Ermen-

355 1578 537 1642 galdus,
561 1578 606 1624 in
628 1578 890 1641 glomerosa
911 1577 1206 1625 multitudine
1229 1577 1432 1625 Athenas
1460 1576 1764 1640 applicantes,

356 1671 449 1701 non
476 1655 625 1701 solum
647 1654 848 1702 Athenas
871 1654 1077 1718 aggressi
1108 1659 1231 1711 sunt,
1258 1654 1341 1701 sed
1367 1659 1517 1701 totum
1545 1653 1766 1701 ducatum

355 1731 583 1778 hostiliter
602 1730 891 1786 invadentes,
916 1731 1071 1794 ipsum
1090 1730 1279 1778 tandem
1304 1730 1425 1795 patri
1452 1747 1537 1778 suo
1564 1730 1766 1795 eripien-

354 1815 442 1866 tes,
471 1808 689 1857 eumdem
715 1808 1079 1855 decollaverunt.

420 1888 519 1942 Quo
550 1885 689 1941 facto,
722 1884 922 1942 ducissa,
958 1901 1079 1932 uxor
1110 1901 1192 1932 sua
1224 1900 1461 1949 pregnans
1493 1899 1601 1932 cum
1631 1883 1765 1931 unica

354 1961 445 2009 filia
478 1978 559 2009 sua
591 1960 846 2008 admodum
877 1961 1088 2024 parvula,
1120 1977 1205 2025 per
1237 1977 1365 2008 mare
1398 1977 1546 2024 parvo
1578 1959 1765 2024 navigio

354 2037 552 2101 fugiens,
588 2036 776 2084 tandem
812 2036 870 2084 ad
905 2036 1158 2099 quemdam
1194 2042 1383 2099 portum
1415 2037 1485 2084 sui
1517 2036 1765 2083 comitatus

355 2114 794 2171 Conversanensis2‚
832 2114 1008 2162 dictum
1046 2114 1178 2170 Tore,
1217 2115 1465 2178 applicuit,
1496 2114 1575 2161 ubi
1608 2113 1764 2162 statim

356 2197 462 2255 post
499 2192 778 2239 omnimodis
820 2191 1059 2239 doloribus
1103 2191 1333 2239 stimulata
1371 2191 1518 2238 filium
1557 2190 1759 2254 peperit,

355 2268 527 2316 scilicet
551 2268 926 2330 prenominatum
956 2269 1228 2325 Johannem,
1259 2268 1426 2315 ducem
1452 2268 1758 2325 Athenarum,

353 2344 672 2407 predictorum
697 2346 1001 2393 comitatuum
1028 2346 1265 2393 comitem.

416 2422 498 2469 Hic
530 2423 832 2484 postmodum
866 2423 1089 2471 educatus
1121 2428 1169 2470 et
1203 2440 1352 2470 novus
1386 2423 1517 2469 miles
1550 2421 1758 2478 effectus,

352 2515 457 2546 cum
495 2498 696 2545 maxima
734 2499 898 2546 milicia
938 2507 1099 2547 contra
1138 2500 1283 2562 patris
1319 2500 1388 2547 sui
1424 2499 1660 2547 occisores
1703 2497 1762 2545 de

403 2629 435 2664 1.
458 2628 910 2672 Mont-Saint-Quentin,
939 2629 1110 2676 Somme,
1136 2629 1468 2666 arrondissement
1495 2634 1533 2666 et
1553 2633 1694 2665 canton
1716 2628 1760 2665 de

358 2686 549 2731 peronne,
572 2697 779 2723 commune
799 2686 1026 2725 d'Allaines.

404 2744 436 2779 ²2.
461 2745 723 2791 Conversano,
746 2755 794 2781 en
816 2744 939 2790 Italic,
961 2746 1056 2782 dans
1078 2747 1113 2783 la
1133 2747 1317 2793 province
1331 2746 1377 2782 de
1392 2746 1484 2782 Bari
1499 2745 1596 2782 delle
1608 2746 1758 2792 Puglie.
