1923 3358
443 287 813 321 CHRONOGRAPHIA
839 289 991 321 REGUM
1018 289 1297 322 FRANGORUM.
1505 287 1571 323 389

173 372 315 415 tatem
335 384 428 415 non
447 366 671 424 habebat;
699 366 879 430 fuitque
900 366 961 413 ibi
982 367 1223 430 utriusque
1244 367 1390 431 partis
1409 367 1573 433 ingens

175 451 221 492 et
254 450 390 492 atrox
424 461 578 508 pugna
615 444 662 491 in
695 461 786 507 qua
818 443 1008 491 tandem
1042 447 1205 492 Petrus
1237 445 1320 492 fuit
1351 444 1501 493 victus
1528 450 1574 493 et

174 521 298 586 apud
324 521 616 574 Moncellum,
640 526 691 568 ut
719 537 768 567 se
794 519 1013 577 salvaret,
1042 521 1192 568 solum
1219 538 1325 569 cum
1352 521 1574 585 quadrin-

172 598 324 663 gentis
343 598 653 646 servientibus
671 598 832 662 fugere
850 598 1118 661 compulsus
1139 604 1224 646 est.
1248 599 1422 646 Deinde
1442 599 1574 646 malis

171 675 390 722 omnibus
422 692 471 722 se
504 675 874 722 circumventum
898 675 1207 738 prospiciens‚
1246 676 1442 739 penituit
1468 692 1575 739 spe-

170 751 345 798 cialiter
374 750 435 798 ob
466 750 683 814 injustam
720 766 880 797 necem
915 750 1035 798 dicte
1070 751 1228 798 uxoris
1260 769 1340 799 sue
1371 751 1574 816 legitime

170 834 217 876 et
251 827 615 875 destructionem
652 827 811 891 populi
853 827 947 884 sui,
989 828 1034 874 in
1066 834 1341 893 tantumque
1380 828 1575 876 indoluit

169 904 371 952 maxime
391 905 452 952 ob
470 904 845 968 degarnisionem
867 904 1134 953 victualium
1162 906 1297 969 hujus
1323 905 1495 954 castelli
1516 905 1575 953 de

168 981 391 1029 Moncello
416 981 461 1028 in
486 999 579 1045 quo
606 988 721 1039 erat,
746 999 840 1045 quo
860 982 1112 1045 desperare
1138 983 1277 1047 cepit,

231 1057 457 1105 Henricus
478 1057 603 1110 misit
628 1058 686 1105 ad
705 1060 896 1105 Petrum
915 1059 1040 1121 quod
1069 1076 1118 1106 se
1141 1058 1387 1106 acordaret
1407 1065 1452 1106 et
1474 1059 1574 1123 ipse

167 1134 362 1183 haberet
385 1135 562 1182 bonum
586 1135 807 1183 ducatum
832 1136 905 1183 vel
933 1135 1069 1182 aliam
1095 1135 1462 1183 dominationem
1484 1153 1573 1200 pro

167 1229 251 1260 suo
290 1219 428 1260 statU.
478 1216 643 1260 Petrus
684 1213 833 1260 celare
880 1230 929 1260 se
968 1213 1075 1260 fecit
1113 1219 1157 1260 et
1201 1213 1472 1276 capitaneus
1514 1213 1573 1260 ad

167 1304 510 1351 quemcumque
541 1294 790 1336 tractatum
818 1289 1059 1336 intendere
1086 1289 1249 1336 noluit.
1286 1288 1462 1336 Deinde
1491 1292 1574 1336 Pe-

165 1370 267 1411 trus
301 1380 408 1411 cum
444 1364 651 1427 quinque
684 1365 780 1412 aliis
809 1365 1011 1428 quadam
1044 1371 1179 1413 nocte
1212 1365 1347 1412 valde
1374 1365 1574 1412 obscura

165 1441 357 1488 recessit
378 1441 436 1488 de
457 1442 660 1498 castello,
678 1447 722 1489 et
737 1442 1042 1499 descendens,
1060 1443 1187 1489 venit
1201 1448 1327 1490 recte
1342 1443 1401 1489 ad
1419 1442 1574 1489 locum

167 1518 244 1566 ubi
265 1522 428 1566 Petrus
452 1519 510 1566 de
528 1518 730 1567 Villaniis
750 1519 1112 1582 speculationem
1131 1519 1324 1567 faciebat
1344 1519 1390 1566 iu
1410 1519 1574 1566 ordine

164 1595 279 1643 vicis
317 1612 421 1652 sue,
464 1596 542 1658 qui
580 1613 665 1659 per
706 1612 879 1659 corpus
919 1596 1115 1658 arripuit
1156 1600 1363 1643 Petrum.
1407 1599 1573 1643 Petrus

164 1672 312 1719 voluit
341 1688 448 1719 eum
480 1678 745 1734 percutere,
784 1671 866 1718 sed
900 1671 974 1718 ille
999 1671 1058 1719 de
1085 1672 1289 1720 Villaniis
1317 1671 1500 1718 fortiter
1525 1688 1574 1718 se

165 1748 389 1795 deffendit
408 1754 454 1795 et
474 1752 662 1795 Petrum
682 1749 805 1811 cepit
825 1765 911 1812 per
931 1748 1137 1795 medium
1159 1748 1388 1811 corporis,
1410 1765 1574 1811 quam-

164 1825 235 1872 vis
272 1824 359 1872 sibi
392 1824 584 1871 offerret
609 1830 778 1880 terras,
817 1823 1028 1871 civitates
1055 1829 1100 1870 et
1132 1824 1369 1887 pecunias,
1407 1824 1444 1870 si
1474 1823 1574 1886 ipse

164 1902 303 1949 vellet
328 1918 435 1949 eum
468 1901 729 1957 dimittere3
765 1901 848 1948 sed
879 1901 1087 1963 prefatus
1114 1901 1172 1948 de
1205 1901 1409 1951 Villaniis
1436 1900 1573 1947 nichil

165 1979 358 2026 omnino
384 1978 536 2025 facere
565 1978 728 2035 voluit,
757 1994 867 2041 ymo
899 1977 1060 2025 aduxit
1084 1993 1191 2026 eum
1223 1978 1281 2025 ad
1311 1994 1447 2025 suum
1474 1982 1575 2024 ten-

164 2056 338 2104 torium
379 2061 425 2102 et
464 2054 702 2102 mandavit
744 2054 993 2101 Henricum
1037 2055 1115 2117 qui
1159 2055 1288 2103 ocius
1328 2054 1470 2101 venit.
1518 2057 1574 2101 Et

165 2137 329 2181 Petrus
351 2149 405 2180 ac
424 2133 651 2180 Henricus
672 2133 788 2179 alter
807 2132 1005 2179 alterum
1026 2133 1319 2196 proditorem
1342 2133 1574 2196 apellave-

165 2216 292 2258 runt.
323 2210 403 2257 Ille
435 2215 592 2257 autem
618 2209 676 2256 de
708 2209 913 2257 Villaniis
939 2209 1140 2256 Henrico
1169 2209 1360 2256 tradidit
1386 2212 1573 2256 Petrum

165 2289 251 2335 hac
286 2286 551 2335 conditione
590 2286 716 2349 quod
754 2285 1126 2348 redemptionem
1160 2286 1259 2350 ejus
1291 2286 1378 2333 sibi
1414 2285 1575 2332 debuit

161 2364 285 2428 juste
327 2364 612 2426 persolvere.
659 2366 714 2410 Et
752 2362 976 2409 Henricus
1014 2363 1244 2425 percussit
1283 2367 1474 2411 Petrum
1515 2361 1573 2408 de

167 2440 285 2504 daga
311 2456 392 2486 sua
413 2439 458 2486 in
479 2440 593 2487 facie
619 2445 663 2486 et
680 2442 844 2486 Petrus
870 2439 995 2502 cepit
1021 2456 1129 2486 eum
1156 2440 1290 2503 quasi
1316 2439 1374 2486 ad
1401 2439 1573 2485 luctam

168 2524 210 2564 et
227 2516 389 2564 subter
409 2533 457 2563 se
479 2516 757 2579 prostravit;
781 2515 862 2563 sed
886 2516 1111 2563 Henricus
1131 2516 1280 2563 alieno
1302 2515 1472 2562 auxilio
1492 2514 1574 2561 de-

168 2610 310 2656 super
341 2594 427 2640 fuit
458 2593 655 2656 positus,
693 2593 771 2655 qui
813 2609 923 2639 mox
958 2592 1016 2639 dc
1043 2592 1211 2640 cutello
1247 2592 1379 2639 scidit
1412 2597 1573 2656 guttur

168 2668 282 2732 ejus.
314 2672 370 2716 Et
397 2668 697 2732 postmodum
724 2668 831 2715 fecit
856 2684 963 2715 eum
990 2667 1205 2715 decollari
1234 2674 1279 2715 et
1301 2674 1439 2731 caput
1464 2672 1572 2716 ante
