1923 3358
335 262 402 300 208
606 264 975 298 CHRONOGRAPHIA
1001 263 1154 295 REGUM
1179 262 1456 295 FRANCORUM.
1628 258 1732 306 [1343

398 349 566 394 Tamen
592 350 700 407 post
725 343 795 391 sui
825 342 1148 390 liberationem
1179 341 1340 389 abiens
1370 342 1416 388 in
1448 342 1734 390 Britanniam

334 423 663 477 britonantem,
705 419 783 467 ubi
824 435 944 467 uxor
984 436 1066 466 sua
1107 418 1251 466 multa
1294 417 1498 465 habebat
1539 418 1730 482 oppida,

333 497 534 546 cucurrit
559 502 716 544 autem
736 512 821 559 per
841 495 1040 560 patriam
1063 500 1375 558 campestrem
1401 501 1447 542 et
1474 494 1736 543 devastavit

332 590 451 621 eam.
476 576 533 620 Et
553 589 644 620 non
669 573 866 620 multum
888 578 995 636 post
1015 571 1129 619 obiit
1145 571 1245 635 ipse
1267 587 1424 619 comes
1450 588 1503 618 ac
1528 570 1737 634 sepultus

331 656 401 698 est
425 650 471 697 in
503 649 620 697 urbe
645 649 934 707 Trecorensi‚
971 665 1091 696 anno
1125 647 1307 695 Domini
1332 647 1385 695 M⁰
1409 646 1515 696 CCC⁰
1538 646 1732 695 XLm101.

394 730 504 774 Post
523 726 654 790 cujus
673 725 935 783 decessum,
959 725 1158 774 Karolus
1183 724 1414 773 Blesensis
1437 740 1544 772 cum
1563 739 1736 788 magno

331 803 539 851 exercitu
569 803 683 850 abiit
714 808 820 850 ante
853 802 1068 851 eamdem
1105 802 1339 849 civitatem
1371 801 1736 849 Trecorensem²

331 885 378 927 et
417 896 520 927 eam
562 879 867 944 impugnandi
898 880 1070 927 virtute
1106 879 1257 942 cepit,
1303 879 1520 942 intusque
1559 877 1736 942 reperit

330 956 431 1020 iiij⁰f
450 956 620 1004 milites
632 956 899 1014 traditores,
918 956 1091 1004 scilicet
1110 956 1327 1004 dominos
1343 954 1732 1018 Ruppetessonis,

331 1033 624 1082 Guillelmum
643 1033 853 1090 Baconis,
877 1033 1160 1081 Richardum
1180 1032 1239 1080 de
1261 1032 1498 1080 Pressiaco
1511 1033 1528 1060 3
1549 1038 1595 1079 et
1613 1035 1735 1079 Hen-

330 1110 479 1157 ricum
524 1110 581 1158 de
624 1110 965 1167 Maloattractu,
1013 1110 1091 1173 qui
1143 1109 1271 1173 prius
1317 1109 1465 1156 fuerat
1510 1108 1733 1173 magister

330 1192 656 1249 requestarum
691 1186 817 1251 regis
850 1186 1064 1243 Francie,
1097 1194 1141 1233 et
1176 1185 1370 1233 adduxit
1401 1202 1482 1233 eos
1513 1184 1733 1241 ParisiuS,

330 1263 406 1310 ubi
441 1270 536 1310 tres
571 1280 734 1310 eorum
767 1263 1015 1326 decapitati
1050 1263 1238 1310 fuerunt
1263 1269 1309 1310 et
1334 1278 1534 1326 corpora
1568 1277 1733 1309 eorum

329 1356 554 1403 suspensa
580 1341 626 1387 in
652 1340 806 1404 vigilia
840 1344 981 1388 Pasce
1015 1357 1136 1387 anno
1163 1339 1476 1404 supradict04.
1507 1339 1736 1387 Henricus

327 1433 441 1464 vero
469 1416 527 1464 de
552 1417 887 1474 Maloattractu,
918 1417 1024 1480 quia
1050 1416 1245 1465 clericus
1263 1422 1378 1472 erat,
1401 1417 1568 1465 ductus
1592 1422 1662 1464 est
1689 1416 1735 1462 in

329 1491 555 1556 quadriga
577 1508 662 1556 per
684 1491 926 1555 quadrivia
953 1492 1171 1549 Parisius,
1201 1508 1255 1539 ac
1281 1491 1480 1540 traditus
1512 1490 1735 1555 episcopo

333 1627 456 1669 (Istore
480 1629 512 1661 et
537 1628 729 1670 croniques
755 1627 796 1661 cle
823 1627 1009 1668 Mandros,
1032 1630 1060 1661 t.
1083 1625 1135 1671 H,
1156 1636 1193 1671 p.
1218 1625 1272 1670 11)
1295 1623 1387 1672 qu’il
1408 1625 1474 1660 eut
1494 1623 1664 1660 renonce
1686 1633 1735 1658 au

328 1683 452 1719 duche
474 1683 519 1720 de
540 1683 748 1731 Bretagne.
766 1683 1105 1731 L’elargissement
1120 1682 1169 1719 du
1192 1688 1318 1720 comte
1338 1682 1384 1719 de
1405 1681 1590 1718 Montfort
1609 1681 1735 1729 parait

329 1742 437 1778 avoir
458 1743 517 1778 ete
538 1742 574 1778 la
596 1743 864 1789 consequence
884 1742 949 1779 des
971 1747 1249 1790 engagements
1271 1742 1349 1788 pris
1370 1751 1510 1778 envers
1531 1741 1586 1776 lui
1606 1739 1735 1788 quand

327 1802 353 1837 il
374 1803 499 1839 rendit
519 1803 669 1839 Nautes
691 1814 738 1838 au
759 1802 833 1838 duc
854 1801 898 1838 de
918 1802 1156 1838 Normandie
1178 1813 1227 1838 en
1244 1801 1455 1838 novembre
1480 1800 1583 1837 1341.

376 1862 408 1897 1.
432 1861 484 1898 Le
506 1867 632 1897 comte
653 1861 698 1897 de
719 1860 905 1897 Montfort
925 1871 1039 1907 passa
1065 1871 1114 1896 en
1136 1859 1368 1907 Angleterre
1389 1865 1426 1896 et
1450 1872 1464 1893 ι
1487 1859 1594 1895 hrisa
1613 1859 1735 1895 eslar-

331 1933 346 1955 α
371 1920 585 1968 gissement
616 1920 661 1955 de
692 1920 727 1955 la
755 1920 888 1966 prison
919 1934 935 1953 »
966 1920 1000 1956 16
1029 1919 1073 1955 25
1094 1930 1198 1955 mars
1221 1919 1311 1956 1345
1333 1927 1381 1964 (n.
1407 1921 1470 1963 st.)
1501 1917 1612 1964 (Bibl.
1636 1923 1732 1964 nat.,

327 1979 437 2015 fonds
464 1979 586 2027 franc.
610 1979 715 2025 2598,
738 1979 802 2014 fol.
828 1979 868 2016 53
901 1982 965 2025 νο).
990 1979 1183 2026 Quelques
1212 1984 1337 2025 temps
1366 1979 1491 2025 apres,
1518 1977 1546 2013 il
1574 1977 1657 2014 vint
1684 1987 1734 2013 en

326 2038 533 2086 Bretagne,
556 2040 604 2074 ou
624 2038 652 2073 il
671 2043 828 2074 mourut
849 2038 883 2073 16
904 2038 948 2074 26
971 2037 1186 2085 septembre
1209 2038 1312 2075 1345.
1334 2037 1367 2073 Il
1387 2037 1444 2073 fut
1465 2037 1632 2082 enterre,
1654 2047 1733 2072 non

325 2109 392 2144 pas
414 2098 436 2133 a
455 2097 657 2144 Treguier,
680 2097 778 2133 mais
799 2097 821 2132 a
842 2097 1064 2144 Quimperle
1082 2109 1089 2132 :
1108 2097 1144 2132 la
1159 2097 1366 2143 Chronique
1387 2097 1591 2132 normande
1608 2098 1658 2143 (p.
1674 2095 1731 2139 62)

327 2156 425 2192 n'est
450 2168 519 2203 pas
549 2157 633 2203 plus
662 2163 797 2194 exacte
829 2156 958 2204 quand
986 2156 1059 2193 elle
1090 2156 1198 2203 place
1226 2156 1248 2192 εὶ
1281 2155 1671 2203 Quimper-Corentin
1697 2155 1735 2191 la

329 2215 524 2261 sepulture
545 2215 589 2251 de
611 2215 810 2251 Montfort.

374 2275 408 2310 2.
432 2274 483 2310 Ge
500 2274 597 2310 n’est
611 2286 678 2321 pas
694 2275 896 2322 Treguier,
917 2274 1015 2310 mais
1037 2274 1235 2321 Quimper,
1258 2274 1350 2322 qu’il
1365 2274 1445 2310 faut
1460 2273 1529 2310 lire
1548 2273 1618 2317 ici;
1635 2273 1730 2310 Tre-

328 2333 436 2380 guier
456 2333 597 2368 n'avait
618 2345 685 2380 pas
706 2333 750 2370 de
772 2333 984 2371 murailles.

375 2392 408 2427 3.
432 2392 484 2427 Le
508 2402 652 2427 revenu
675 2393 818 2428 annuel
840 2393 889 2428 du
911 2393 986 2428 sire
1014 2392 1059 2428 de
1088 2392 1123 2428 la
1151 2391 1453 2429 Roche-Tesson
1475 2392 1530 2428 fut
1552 2390 1689 2428 estime
1710 2390 1733 2426 ὀ,

328 2450 434 2495 3,000
464 2450 582 2485 livres
611 2451 798 2497 tournois,
830 2451 930 2487 celui
959 2451 1004 2486 de
1035 2450 1257 2487 Guillaume
1287 2450 1423 2487 Bacon
1451 2449 1473 2485 ὲ
1501 2449 1570 2486 800
1600 2449 1731 2493 livres,

327 2508 445 2551 enfin,
469 2507 569 2543 celui
591 2506 635 2543 de
658 2507 828 2544 Richard
848 2509 893 2544 de
916 2509 1040 2556 Prccy
1059 2508 1081 2543 ἐι
1102 2509 1138 2544 la
1155 2510 1280 2544 meme
1302 2519 1450 2545 somme
1473 2507 1732 2551 (Bz'blz'otlieque

327 2568 367 2601 de
396 2559 523 2602 l'E‘cole
551 2567 609 2601 des
639 2567 792 2609 clem-tes,
825 2574 851 2603 t.
886 2567 1066 2613 XLVIII,
1100 2568 1224 2603 annee
1253 2567 1357 2613 1887,
1390 2568 1565 2614 Rapports
1593 2567 1616 2601 ὰ
1644 2565 1731 2600 Plu·-

329 2628 421 2671 lippc
449 2626 492 2661 VI
507 2636 573 2660 sur
595 2627 693 2660 l'etat
713 2627 754 2660 de
773 2637 824 2661 ses
844 2629 1015 2671 finances,
1039 2638 1074 2673 p.
1099 2626 1193 2671 388).

376 2684 410 2719 4.
434 2683 453 2719 3
474 2682 571 2719 avril
592 2682 681 2718 1344
702 2688 756 2725 (n.
780 2687 859 2724 st.).
882 2684 939 2720 Cf.
962 2685 1004 2720 L.
1029 2684 1192 2730 Delisle,
1211 2685 1370 2721 Histoire
1389 2685 1439 2720 du
1459 2683 1612 2720 clzdteau
1626 2685 1658 2716 et
1672 2681 1730 2716 des

330 2744 419 2778 sires
439 2743 479 2777 de
500 2742 1045 2787 Saint-Saureur-Ie-Vz'comte,
1070 2755 1105 2790 p.
1130 2744 1186 2779 55.
