1923 3358
282 261 300 295 ss
552 258 919 293 GHRONOGRAPHIA
947 256 1099 287 REGUM
1125 252 1402 285 FRANCORUM.
1570 248 1674 296 [1328

280 342 489 389 videntes
507 356 665 405 regem
679 353 783 385 cum
805 352 885 382 sua
907 339 1136 397 potestate
1154 333 1353 379 locatum
1374 330 1432 377 ad
1452 329 1568 378 duas
1582 330 1678 378 leu-

279 435 356 465 cas
387 434 535 481 prope
566 433 632 471 se,
668 411 936 460 nullomodo
967 409 1074 456 inde
1106 409 1411 463 fremuerunt,
1441 406 1524 453 sed
1555 407 1679 454 exie-

278 499 387 541 runt
412 493 470 540 de
494 492 600 539 villa
630 491 677 537 in
709 494 936 545 montem,
965 487 1163 551 figentes
1188 484 1250 532 ibi
1276 482 1474 531 tentoria
1501 499 1599 539 sua,
1628 488 1679 530 ut

278 569 431 618 Gallici
458 567 638 631 plenius
664 582 746 613 eos
771 564 1112 629 prospicerent.

342 647 455 692 Cum
485 649 640 690 autem
672 642 822 689 tribus
852 640 1016 688 diebus
1047 639 1112 686 sic
1143 642 1299 686 essent
1331 635 1485 685 Gallici
1517 640 1677 682 contra

276 720 537 783 Flamingos
562 719 659 766 sine
685 718 837 779 aliqua
854 716 1076 772 motione,
1098 720 1263 778 quarta
1283 713 1357 760 die
1379 711 1535 761 Gallici
1551 718 1680 758 tran-

277 799 453 846 sierunt
483 797 600 844 ultra
638 813 724 859 per
759 794 998 842 dimidiam
1032 793 1210 840 leucam
1243 797 1288 838 et
1322 791 1592 837 locaverunt
1629 805 1679 835 se

276 892 417 939 supra
442 890 581 922 unam
606 889 799 937 parvam
825 871 1046 934 ripariam
1065 886 1154 932 que
1175 873 1369 915 vocatur
1394 865 1593 914 Penne1.
1622 869 1680 912 Et

275 959 385 999 tunc
403 951 531 998 venit
554 951 599 998 in
627 950 883 997 exercitum
904 947 1120 996 dominus
1141 946 1372 994 Robertus
1389 944 1446 991 de
1467 943 1680 991 Flandria

275 1045 381 1076 cum
407 1028 612 1091 quinque
638 1026 834 1074 vexillis.

339 1109 483 1152 Porro
517 1121 603 1152 rex
636 1103 824 1152 Francia
857 1101 979 1165 cepit
1014 1099 1256 1147 consilium
1289 1098 1486 1162 qualiter
1522 1104 1681 1162 posset

275 1181 535 1245 Flamingos
568 1181 738 1228 habere
770 1180 934 1227 subtus
960 1183 1185 1233 montem,
1216 1193 1271 1223 eo
1297 1175 1423 1238 quod
1451 1191 1543 1222 non
1569 1191 1679 1239 pos-

275 1263 378 1304 sent
409 1257 666 1321 expugnari
705 1273 845 1319 supra
883 1260 1106 1301 montem.
1148 1253 1325 1301 Idcirco
1363 1251 1566 1315 quadam
1602 1251 1677 1298 die

275 1335 457 1390 martis,
500 1333 653 1397 vigilia
691 1332 842 1379 Sancti
886 1329 1228 1378 Bartholomei2
1267 1328 1314 1375 in
1356 1333 1530 1391 puncto
1564 1327 1673 1384 diei,

274 1412 400 1459 misit
438 1411 556 1458 duos
597 1409 892 1456 marescallos
934 1414 980 1456 et
1023 1407 1264 1455 dominum
1310 1405 1572 1454 Robertum
1618 1404 1676 1452 de

274 1488 484 1536 Flandria
511 1486 568 1534 ad
594 1486 883 1533 territorium
909 1484 966 1532 de
992 1484 1216 1548 Berghes‚
1245 1488 1297 1530 ut
1324 1481 1522 1545 patriam
1554 1481 1680 1528 illam

273 1565 377 1628 igne
407 1570 453 1610 et
484 1563 596 1610 cede
627 1567 864 1609 vastarent
899 1579 908 1607 ε
945 1560 1071 1623 quod
1109 1565 1154 1607 et
1192 1559 1416 1606 fecerunt.
1453 1558 1543 1606 Sed
1579 1557 1679 1606 Fla-

273 1640 416 1704 mingi
452 1639 558 1686 inde
596 1638 732 1685 nichil
770 1643 1011 1692 curantes,
1057 1642 1250 1699 propter
1287 1636 1374 1682 hoc
1413 1651 1504 1682 non
1543 1634 1678 1682 dimi-

273 1722 433 1764 serunt
452 1721 677 1772 montem,
703 1714 784 1762 sed
811 1731 921 1762 mox
941 1714 998 1761 ad
1025 1713 1194 1777 pedem
1219 1713 1389 1759 montis
1415 1712 1672 1769 venientes,

272 1799 370 1841 toto
396 1793 473 1840 illo
499 1792 573 1839 die
600 1798 759 1839 contra
786 1796 987 1840 Francos
1014 1791 1350 1854 paletaverunt.

336 1869 587 1917 Marcscalli
617 1875 771 1916 autem
801 1873 1090 1915 revertentes
1121 1866 1179 1914 de
1211 1865 1514 1929 disponendis
1549 1867 1677 1913 four-

272 1946 427 2010 ragiis,
463 1945 677 1992 abierunt
708 1944 765 1992 ad
798 1943 1142 2007 repausandum
1176 1959 1241 2000 se,
1278 1942 1498 2006 quoniam
1533 1942 1677 2006 pluri-

272 2038 400 2069 mum
427 2021 534 2069 fessi
560 2027 709 2069 erant.
739 2020 956 2069 Custodia
987 2025 1142 2067 autem
1175 2019 1271 2066 sive
1296 2019 1451 2083 vigilia
1480 2035 1572 2066 non
1606 2026 1677 2066 est

272 2104 371 2144 acta
401 2097 445 2143 in
477 2097 682 2144 exercitu
714 2096 856 2161 regis,
886 2095 968 2143 sed
995 2095 1229 2159 principes
1256 2095 1382 2142 ibant
1409 2111 1494 2159 per
1521 2100 1672 2142 tento-

273 2173 364 2229 ria,
405 2172 558 2220 vestiti
602 2173 696 2220 suis
741 2172 1032 2235 pulcerrimis
1069 2172 1383 2227 vestimentis,
1425 2177 1675 2235 querentes

274 2248 601 2312 spaciamenta.

274 2430 309 2464 p.
334 2416 398 2453 143
425 2421 462 2453 et
491 2417 582 2463 1144).
612 2417 770 2453 Comme
798 2424 905 2454 notro
932 2418 1142 2465 chronique
1170 2418 1273 2465 parle
1300 2418 1344 2453 de
1377 2418 1506 2464 1-2,000
1536 2424 1672 2466 mons,

271 2476 522 2522 j'inclinerais
537 2476 559 2511 ii
574 2476 729 2523 adopter
743 2477 776 2512 le
793 2477 924 2513 ehiss‘re
946 2478 1072 2513 donne
1092 2488 1160 2524 par
1181 2478 1370 2513 Froissart
1391 2478 1454 2525 qui
1477 2489 1516 2514 se
1538 2483 1673 2514 trouve

275 2534 459 2569 confirm&
480 2545 547 2580 par
574 2544 648 2568 une
676 2534 885 2580 chronique
906 2535 950 2570 ‹lc
976 2535 1260 2571 Valenciennes
1288 2536 1384 2571 cite'e
1410 2547 1479 2583 par
1499 2536 1532 2572 le
1552 2535 1673 2573 baron

275 2592 435 2639 Kervyn
455 2591 500 2627 de
521 2592 758 2627 Lettonhovo
782 2593 852 2638 (eil.
876 2593 919 2628 do
939 2594 1144 2639 Froissart‚
1165 2600 1192 2630 t.
1215 2595 1266 2640 ΙΙ,
1287 2606 1322 2641 p.
1347 2596 1411 2630 517
1437 2598 1476 2631 ιή
1495 2597 1593 2639 fine).

324 2651 356 2685 1.
380 2650 435 2686 La
456 2650 772 2697 Peene-Becque‚
794 2652 858 2698 qui
879 2653 995 2698 prend
1018 2664 1060 2689 sa.
1081 2665 1215 2690 source
1238 2665 1285 2689 au
1312 2654 1396 2701 pied
1417 2654 1466 2691 du
1491 2659 1599 2690 mont
1626 2653 1671 2689 de

277 2709 420 2752 Cas-sol,
441 2714 499 2745 est
520 2721 571 2745 un
595 2710 753 2745 affluent
773 2709 817 2746 de
840 2709 874 2746 la
896 2710 972 2747 rivo
994 2711 1114 2748 droite.
1135 2712 1180 2748 de
1202 2712 1339 2748 l'Yser.

323 2767 358 2802 (Ζ.
381 2767 423 2803 23
448 2769 536 2803 aout
560 2768 661 2804 1328.
