1923 3358
147 257 248 304 1380]
415 263 784 295 CHRONOGRAPHIA
810 264 962 296 REGUM
988 264 1265 296 FRANCORUM.
1477 261 1542 297 377

143 341 268 389 misit
292 341 351 388 ad
375 342 682 390 Flandrenses
707 342 982 407 magistrum
1008 343 1263 391 Johannem
1289 342 1539 398 Serclaes',

141 419 413 483 episcopum
442 419 651 484 ejusdem
685 419 881 467 civitatis
912 419 1272 477 Cameracensis,
1302 436 1390 483 pro
1421 420 1543 466 facto

142 512 223 543 sue
243 495 499 560 legationis,
517 495 595 559 qui
616 512 757 559 super
774 496 861 543 hoc
877 496 922 543 in
939 497 1113 560 scripto
1134 496 1427 544 tradiderunt
1445 512 1544 542 res-

138 589 416 636 ponsuram,
451 575 582 636 cujus
623 572 784 636 scripti
826 573 1073 620 intitulatio
1113 578 1252 636 atque
1291 572 1542 636 descriptio

138 654 238 696 erat
263 649 366 697 talis
398 667 407 695 :

206 745 226 770 <1
259 725 497 789 Depositio
517 725 872 774 Urbanistarum
893 726 952 774 de
977 725 1208 774 Flandria.

208 822 227 847 <t
259 802 491 850 Premissa
506 804 842 866 protestatione
861 803 988 867 quod
1009 820 1171 851 sumus
1188 820 1376 868 semper
1394 805 1541 868 parati

139 899 158 924 α
193 879 492 927 declarationi
513 880 690 927 concilii
717 880 947 944 generalis
969 886 1015 928 et
1040 880 1098 927 ab
1119 880 1294 928 unitate
1321 881 1542 928 catholice

140 975 159 1001 ε(
190 961 329 1019 atque
377 957 663 1020 appostolice
712 956 915 1004 Ecclesie
967 957 1236 1004 nullomodo
1287 957 1537 1013 divertere,

138 1052 157 1076 «
190 1032 378 1080 attentis
404 1033 705 1080 relationibus
732 1050 817 1097 per
843 1033 1029 1081 nuntios
1050 1039 1237 1081 nostros
1263 1051 1427 1081 versus
1447 1038 1542 1085 Jta-

139 1129 158 1154 c<
190 1110 298 1156 liam
319 1115 365 1156 et
385 1109 442 1156 ad
464 1110 649 1157 diversa
670 1110 754 1157 alia
776 1111 874 1158 loca
895 1116 942 1158 et
961 1116 1140 1158 remota
1166 1111 1351 1167 missos,
1376 1128 1542 1174 repor-

139 1206 159 1231 «
189 1187 298 1234 tatis
316 1186 474 1234 verbis
495 1192 541 1234 et
562 1187 747 1250 scriptis
762 1188 820 1234 ab
841 1188 1045 1243 Urbano,
1071 1187 1224 1250 primo
1239 1188 1404 1243 electo,
1428 1187 1540 1234 visis

138 1283 158 1308 <‹
190 1264 335 1310 eciam
361 1268 407 1310 et
435 1263 604 1311 auditis
634 1280 721 1326 pro
755 1270 889 1327 parte
919 1264 1163 1327 utriusque
1190 1264 1368 1320 electi2,
1400 1281 1539 1327 quem

137 1360 156 1385 <t
189 1342 411 1388 hactenus
432 1357 519 1404 pro
541 1344 664 1404 Papa
685 1358 799 1389 vero
823 1341 1059 1389 tenuimus
1086 1347 1131 1388 et
1156 1346 1387 1397 tenemus,
1413 1358 1541 1388 rece-

136 1438 155 1462 «
187 1418 300 1465 dere
321 1418 574 1481 [volumus]
598 1435 682 1466 nec
695 1419 986 1473 recedemus,
1009 1418 1092 1466 sed
1114 1419 1155 1465 ei
1176 1424 1399 1481 tanquam
1417 1418 1540 1465 vica-

134 1514 154 1539 «
186 1495 256 1542 rio
286 1495 453 1544 Christi
488 1495 778 1553 obediemus,
815 1495 900 1543 nisi
939 1495 1098 1543 debito
1134 1495 1276 1542 modo
1314 1495 1540 1542 fuerimus

136 1591 157 1616 <1
190 1571 324 1619 aliter
349 1571 605 1619 informati.
642 1592 662 1616 »

195 1652 289 1696 Hec
310 1649 543 1712 depositio
563 1649 680 1696 facta
703 1649 804 1704 fuit,
829 1665 950 1697 anno
970 1666 1064 1712 quo
1086 1665 1245 1712 supra,
1269 1649 1395 1696 dicto
1417 1649 1541 1712 epis-

129 1741 250 1789 copo
290 1726 626 1781 Camemcensi,
670 1742 759 1789 pro
794 1726 976 1789 prefato
1018 1725 1238 1772 cardinali
1281 1725 1540 1773 Pictavensi

130 1803 281 1866 legato
315 1802 513 1866 predicti
554 1805 678 1865 Pape
719 1802 1012 1850 Clementis3.
1055 1804 1151 1860 Qua
1192 1818 1285 1849 non
1322 1802 1538 1849 obstante

129 1879 352 1926 remansit
383 1880 509 1927 idem
534 1879 714 1943 legatus
741 1879 787 1926 in
815 1881 1065 1928 Cameraco
1099 1895 1185 1941 per
1217 1884 1369 1925 totum
1396 1879 1539 1925 trien-

130 1955 259 2003 nium
285 1972 365 2002 sue
386 1955 629 2019 legationis
657 1955 773 2002 sicut
800 1956 874 2002 alii
898 1955 1052 2019 legati,
1083 1961 1332 2018 antequam
1361 1954 1537 2002 rediret

128 2032 404 2079 Avinionem
425 2032 483 2078 ad
505 2031 681 2079 dictum
709 2035 881 2095 Papam
906 2032 1237 2079 Clementem&

176 2204 208 2238 1.
232 2202 283 2238 Ce
305 2214 395 2239 nom
417 2208 474 2238 est
494 2202 583 2238 bien
606 2206 851 2238 exactement
878 2201 974 2238 ecrit
999 2202 1135 2248 (Gallia
1161 2203 1382 2243 christiana,
1413 2206 1439 2236 t.
1463 2200 1534 2247 ΙΙΙ,

129 2261 199 2298 col.
224 2262 295 2305 47).

173 2321 208 2356 2.
232 2320 424 2368 Quelques
445 2326 546 2357 mots
568 2326 634 2357 ont
657 2321 716 2356 ete
737 2321 868 2367 passeis
890 2320 912 2355 a
933 2324 992 2356 cet
1015 2318 1189 2362 endroit;
1219 2320 1329 2366 apres
1353 2333 1369 2352 «
1392 2319 1534 2354 utrius-

130 2394 145 2413 «
168 2391 240 2427 que
268 2380 401 2426 electi,
428 2394 441 2414 »
465 2380 491 2415 il
520 2380 599 2416 faut
626 2380 774 2427 ajouter
804 2392 819 2412 «
850 2378 967 2415 salvis
1001 2377 1250 2415 conscientiis
1281 2377 1425 2414 nostris
1455 2388 1534 2413 non

129 2452 145 2471 «
168 2437 354 2474 audemus
376 2438 421 2474 ab
443 2438 662 2474 obedientia
682 2438 773 2474 dicti
790 2438 939 2475 Urbani
954 2437 1058 2484 Pape
1080 2437 1178 2473 sexti
1198 2436 1321 2484 primo
1338 2436 1494 2472 electi...
1515 2450 1531 2469 n

128 2497 296 2542 (Bellum,
322 2499 400 2532 Vitae
420 2499 611 2542 Paparum
632 2499 954 2535 Avem’onenstum,
978 2501 1006 2532 t.
1029 2496 1062 2542 I,
1084 2497 1156 2532 col.
1180 2496 1275 2541 55⁶2).

174 2555 206 2590 3.
230 2555 282 2590 Le
311 2560 434 2591 comte
460 2555 504 2590 de
530 2555 694 2591 Flandre
721 2556 761 2590 fit
789 2555 881 2590 faire
908 2559 1007 2591 cette
1035 2554 1271 2590 declaration
1301 2555 1410 2600 apres
1441 2564 1533 2589 exa-

126 2624 216 2649 men
244 2613 288 2649 de
319 2613 511 2650 l'election
537 2613 724 2650 d'Urbain
747 2613 802 2649 VI
825 2625 893 2660 par
920 2625 972 2649 un
999 2614 1145 2650 conseil
1173 2613 1284 2650 renni
1311 2613 1333 2648 a
1363 2617 1423 2649 cet
1443 2613 1533 2649 effet

126 2674 250 2717 (Iba-z„
273 2672 345 2708 col.
370 2672 464 2715 551).

172 2731 205 2767 4.
232 2745 246 2763 «
270 2730 315 2766 In
344 2741 460 2776 regno
482 2729 716 2767 Alamannie
738 2737 775 2768 et
796 2731 835 2767 in
858 2731 1028 2778 partibus
1050 2731 1185 2768 Prusie
1207 2741 1327 2778 usque
1349 2730 1531 2767 Camera-
