1923 3358
132 326 236 374 1333]
408 330 779 364 CHRONOGRAPHIA
805 332 959 365 REGUM
984 332 1263 365 FRANCORUM.
1492 329 1534 366 19

193 411 371 459 Eodem
408 417 622 476 tempore
660 429 746 459 rex
785 411 975 459 Francie
1017 412 1255 476 Philippus
1291 413 1536 475 proposuit

127 503 366 535 assumere
391 504 577 535 crucem
603 487 1009 535 transmarinam.
1039 487 1147 535 Ideo
1174 488 1280 535 fecit
1304 487 1536 551 predicari

127 565 401 612 auctoritate
420 565 672 628 apostolica
696 565 755 612 de
780 564 944 611 eadem
964 580 1102 611 cruce
1121 565 1430 613 transmarina
1452 582 1537 628 per

127 657 292 689 omnes
323 641 456 688 villas
487 641 634 688 bonas
668 640 801 705 regni
832 641 921 688 sui.
956 643 1013 687 Et
1048 642 1263 704 quamvis
1296 642 1397 706 ipse
1429 658 1537 690 cum

125 717 356 781 aliquibus
406 717 661 765 baronibus
710 723 757 764 et
805 717 1087 765 consobrino
1137 718 1374 782 Philippo,
1426 735 1537 783 rege

124 795 345 848 Navarre,
369 793 415 839 in
435 795 572 840 Prato
596 792 880 841 Clericorum
900 793 1147 851 Parisius2,
1170 794 1345 842 ibidem
1366 794 1537 859 magis-

124 875 199 916 tro
233 872 370 917 Petro
410 870 621 935 Rogerii,
660 870 1011 933 archiepiscopo
1052 870 1437 935 Rothomagensi,
1478 872 1536 920 de

123 945 288 994 eadem
317 963 454 994 cruce
480 947 771 1011 predicante,
800 964 887 1011 per
917 963 1083 995 manus
1113 947 1355 1012 cujusdam
1387 948 1537 996 cardi-

122 1023 255 1080 nalis,
284 1041 310 1070 a
336 1026 458 1087 Papa
486 1023 622 1088 hujus
654 1040 791 1071 causa
823 1023 1042 1071 instantia
1073 1024 1197 1088 regis
1222 1024 1269 1070 in
1295 1024 1537 1072 Franciam

121 1099 275 1158 missi,
324 1117 374 1148 se
416 1117 553 1148 cruce
598 1101 827 1165 signasset
869 1107 916 1148 et
958 1100 1191 1165 predicari
1234 1100 1407 1149 faceret
1450 1118 1536 1164 per

122 1195 320 1243 regnum
343 1179 617 1227 auctoritate
640 1197 733 1243 qua
756 1197 916 1244 supra,
940 1179 1076 1244 pauci
1097 1184 1254 1226 tamen
1275 1179 1362 1227 sibi
1386 1179 1536 1227 crucis

123 1255 308 1320 signum
330 1257 597 1313 affixerunt,
616 1257 837 1320 quoniam
856 1257 1118 1304 hesitabant
1130 1256 1188 1304 de
1202 1256 1324 1320 pede
1345 1262 1536 1320 postero

123 1337 169 1379 et
210 1332 461 1381 videbatur
501 1333 568 1382 eis
607 1350 877 1382 sermonem
920 1334 1094 1391 crucis,
1139 1333 1334 1382 caudam
1375 1351 1537 1399 gerere

124 1412 443 1474 argenteamss.

185 1492 304 1540 Misit
341 1493 497 1557 itaque
535 1510 620 1540 rex
658 1493 978 1557 Radulphum,
1017 1493 1236 1541 comitem
1274 1494 1416 1558 Augi‚
1456 1494 1535 1558 qui

120 1569 518 1618 conestabularius
543 1570 734 1618 Francie
766 1569 995 1618 stabilitus
1022 1571 1172 1618 fuerat
1196 1576 1306 1634 post
1332 1576 1535 1620 mortem

165 1746 199 1781 1.
222 1745 272 1782 Ge
292 1745 414 1793 projet
443 1746 485 1782 fit
514 1745 640 1793 surgit·
666 1755 743 1781 une
772 1745 943 1782 cet-taine
965 1745 1142 1793 quantita
1163 1745 1404 1794 d’ouvrages.
1428 1747 1532 1783 Jean

118 1803 164 1841 de
184 1805 340 1852 Vignay
359 1804 539 1841 traduisit
560 1815 609 1840 en
632 1804 721 1841 1333
745 1818 761 1838 «
784 1805 819 1840 le
840 1804 1072 1851 Dii-ectoire,
1095 1804 1340 1841 c'est-a-dire
1357 1805 1532 1842 l’esdroi-

121 1876 136 1897 (ι
158 1868 306 1900 tement
321 1874 368 1899 ou
384 1863 469 1900 voie
483 1863 711 1900 dreituriere
728 1863 749 1898 a
765 1863 858 1900 faire
874 1864 908 1900 le
923 1874 1086 1911 passage
1099 1863 1145 1900 de
1162 1864 1199 1900 la
1214 1864 1333 1900 Terre
1354 1864 1490 1900 Sainte
1514 1879 1529 1898 »

117 1922 225 1958 dedie
247 1933 296 1959 en
317 1922 407 1959 1332
434 1922 455 1958 a
482 1922 658 1969 Philippa
679 1922 735 1958 VI
761 1934 829 1969 par
855 1935 909 1959 un
934 1923 1053 1960 Frere
1080 1923 1291 1969 precheur3
1316 1923 1410 1959 c’est
1441 1935 1532 1959 sans

118 1981 232 2017 doute
253 1992 350 2028 pour
369 1981 518 2017 donner
538 1993 592 2017 un
613 1981 763 2018 modele
795 1982 817 2017 a
847 1982 1022 2029 Philippe
1044 1982 1101 2017 VI
1127 1992 1200 2029 que
1228 1982 1262 2017 16
1285 1982 1412 2019 meme
1431 1982 1533 2018 Jean

119 2040 164 2076 de
184 2040 341 2088 Vignay
356 2040 533 2076 traduisit
549 2041 585 2076 la
600 2041 662 2077 vie
677 2040 722 2077 de
738 2041 840 2077 saint
855 2041 971 2077 Louis
986 2052 1054 2088 par
1071 2040 1217 2076 Primat
1233 2040 1296 2082 (cf.
1320 2041 1364 2076 P.
1383 2041 1531 2088 Meyer,

118 2100 278 2144 Rapport
296 2111 363 2135 sur
381 2111 454 2136 une
474 2102 628 2136 mission
650 2102 832 2136 litto-aire
852 2111 897 2136 en
917 2101 1140 2145 Arqueterre,
1165 2100 1337 2135 Archtves
1361 2101 1420 2135 des
1440 2103 1532 2135 mis-

118 2160 217 2194 sions
237 2161 481 2204 scientifiques
502 2163 533 2194 et
554 2161 766 2202 litteraires,
790 2159 829 2195 52²
850 2158 964 2205 serie,
981 2164 1008 2194 t.
1027 2157 1097 2203 111,
1117 2157 1222 2203 1866,
1239 2168 1274 2204 p.
1296 2157 1363 2194 262
1381 2158 1529 2205 ‹21:319).

117 2217 163 2253 Je
185 2217 394 2265 signalerai
421 2229 561 2255 encore
588 2218 623 2255 16
657 2231 671 2253 «
705 2219 906 2255 Texaurus
936 2218 1036 2265 regis
1066 2216 1228 2253 Francie
1257 2216 1531 2264 acquisicionis

122 2290 137 2310 «
160 2277 279 2312 Terre
308 2276 451 2313 Sancte
479 2276 525 2314 de
553 2278 655 2314 ultra
679 2289 831 2315 mare...
858 2292 873 2312 »
899 2278 1077 2324 composa
1108 2288 1157 2312 en
1180 2276 1270 2313 1335
1292 2288 1361 2323 par
1388 2276 1464 2313 Gui
1485 2276 1530 2314 de

119 2336 340 2383 Vigevano,
369 2336 547 2373 medecin
576 2337 621 2373 de
652 2337 689 2373 la
718 2337 824 2373 reine
855 2336 974 2382 (Bibl.
1006 2340 1103 2382 nat„
1132 2335 1241 2372 fonds
1269 2335 1366 2371 latin
1401 2336 1529 2382 11015,

118 2395 181 2431 fol.
212 2395 256 2431 32
283 2407 304 2430 a
331 2395 401 2440 54).
433 2395 490 2431 Cf.
519 2396 731 2443 Froissart,
761 2396 818 2432 ed.
852 2397 1015 2443 Kervyn
1042 2395 1087 2431 de
1120 2394 1381 2441 Lettenhove‚
1414 2400 1442 2430 t.
1478 2395 1528 2440 ΙΙ,

118 2466 155 2502 p.
180 2455 261 2491 523.

165 2514 200 2550 2.
225 2515 280 2550 1er
299 2514 455 2550 octobre
478 2514 582 2551 1333.

165 2571 198 2607 3.
222 2571 271 2607 Ge
292 2572 531 2618 paragraphe
554 2583 724 2619 manque
746 2573 1005 2609 entierement
1025 2573 1120 2609 dans
1136 2573 1191 2609 les
1211 2574 1414 2608 Ancz'ennes
1429 2573 1529 2607 chro-

118 2633 246 2676 niqucs
271 2632 312 2666 de
344 2632 502 2667 Flandre
533 2632 656 2675 (Istore
682 2636 714 2680 et
740 2634 929 2678 crom'ques
956 2634 996 2668 de
1021 2634 1210 2677 Mandros,
1244 2637 1272 2668 t.
1302 2632 1339 2677 Ι,
1360 2642 1396 2678 p.
1427 2631 1527 2677 35l);

117 2690 245 2726 tandis
266 2701 339 2737 que
360 2690 416 2726 les
443 2692 604 2727 Grandes
631 2692 856 2737 Glzrom'ques
878 2696 916 2738 (t.
942 2691 990 2738 V,
1010 2703 1046 2739 p.
1076 2692 1154 2737 351)
1184 2698 1251 2727 ont
1273 2690 1467 2737 reproduit
1494 2690 1530 2726 la

119 2749 305 2785 reflexion
327 2748 391 2796 qui
413 2749 447 2785 16
468 2749 648 2785 termine,
