1923 3358
153 353 373 400 1340-1341]
427 357 799 390 CHRONOGRAPHIA
827 358 979 390 REGUM
1004 357 1282 391 FRANCORUM.
1489 357 1553 392 163

150 453 232 484 sua
252 436 571 484 transfretavit
589 436 635 482 in
653 435 864 500 Angliam
879 436 914 493 1;
937 441 985 483 et
1005 436 1225 500 quoniam
1241 436 1380 500 aliqui
1400 438 1555 502 magni

150 512 326 560 domini
354 513 433 576 qui
459 513 505 560 in
524 513 687 576 Anglia
713 519 1049 569 remanserant,
1073 514 1391 561 transmittere
1415 514 1556 561 dena-

148 589 244 638 rios
269 590 328 637 ad
353 606 515 655 regem
538 606 674 637 suum
693 589 808 636 citra
827 605 957 636 mare
977 590 1295 654 neglexerant,
1319 591 1383 638 ita
1401 597 1453 639 ut
1470 591 1556 638 hac

148 666 206 713 de
233 683 370 714 causa
392 665 689 730 opportuerit
720 682 828 712 eum
853 666 1046 712 Tornaci
1079 667 1367 715 obsidionem
1396 685 1557 716 neces-

147 743 271 791 sario
310 743 567 799 dimittere,
602 758 886 805 quamquam
930 743 1215 806 recepissent
1250 745 1466 792 denarios
1497 762 1556 793 ex

145 826 279 883 parte
310 820 458 885 regis,
492 819 726 868 Robertus
754 819 813 867 de
840 820 1057 867 Arthesio
1087 822 1233 869 noluit
1267 827 1556 871 transmeare

145 913 253 944 cum
285 913 396 961 rege
429 897 475 944 in
509 897 746 960 Angliam‚
784 914 843 944 ne
881 913 988 945 cum
1022 897 1113 945 illic
1146 899 1328 947 veniret
1363 900 1556 947 haberet

144 975 288 1022 malas
304 979 478 1039 grates,
499 974 721 1037 quoniam
737 974 984 1022 estimabat
1001 974 1129 1038 quod
1146 992 1231 1022 rex
1248 975 1437 1039 puniret
1453 993 1550 1024 eOS.

207 1053 308 1099 Rex
336 1067 524 1114 quoque
549 1051 712 1115 Anglie
739 1051 786 1098 in
818 1067 1007 1099 recessu
1037 1068 1122 1099 suo
1154 1052 1341 1115 reliquit
1364 1053 1411 1100 in
1437 1054 1556 1100 Gan-

143 1127 282 1185 davo,
309 1144 446 1175 causa
471 1128 739 1175 debitorum
765 1129 1005 1185 suorum2,
1033 1128 1201 1176 ducem
1225 1129 1406 1176 Guelrie
1429 1129 1556 1177 obsi-

143 1205 252 1252 dem
282 1221 371 1269 pro
405 1222 472 1253 se.
509 1207 624 1254 Cum
659 1211 815 1253 autern
843 1206 1047 1254 venisset
1076 1206 1124 1253 in
1155 1206 1391 1270 Angliam,
1424 1206 1554 1270 jussu

142 1280 242 1344 ejus
265 1281 389 1345 capti
416 1287 524 1329 sunt
542 1281 673 1329 multi
696 1282 775 1345 qui
795 1281 1246 1330 administrationem
1268 1283 1395 1347 regis
1413 1283 1555 1331 habe-

142 1356 301 1415 bant33
341 1358 449 1406 fecit
483 1359 621 1406 etiam
657 1359 878 1422 persequi
916 1359 1320 1423 archiepiscopum
1359 1363 1555 1408 Cantua-

141 1434 392 1491 riensem4,
427 1435 506 1498 qui
538 1435 781 1483 ecclesiam
812 1452 945 1483 suam
977 1436 1131 1483 taliter
1160 1436 1361 1484 munivit
1391 1437 1471 1485 ubi
1505 1454 1555 1485 se

140 1510 306 1567 tenuit,
333 1510 461 1574 quod
486 1510 639 1558 nullus
662 1527 769 1559 eum
794 1528 962 1575 capere
988 1512 1158 1576 potuit.

203 1589 370 1635 Postea
400 1603 486 1635 rex
516 1586 678 1635 habuit
707 1588 992 1651 colloquium
1018 1605 1125 1636 cum
1151 1589 1408 1637 baronibus
1435 1589 1548 1648 suis,

139 1662 219 1711 ubi
243 1663 493 1727 proposuit
517 1663 715 1726 qualiter
740 1663 992 1712 traditores
1017 1671 1150 1712 erant
1179 1665 1290 1713 dicti
1320 1666 1553 1730 guberna-

188 1833 221 1867 1.
247 1846 263 1865 «
285 1832 334 1869 Et
354 1832 539 1870 demoura
559 1834 652 1871 ledit
673 1834 759 1882 Roy
774 1832 1046 1883 d’Angleterre
1067 1845 1116 1871 en
1131 1835 1317 1872 Flandres
1339 1841 1376 1872 et
1392 1847 1441 1873 en
1452 1836 1548 1873 Bre-

142 1904 158 1924 α
180 1890 256 1927 ban
273 1891 434 1939 jusques
455 1892 618 1929 environ
638 1893 675 1929 13
697 1893 810 1930 Saint,
829 1894 1005 1931 Andrieu
1025 1895 1116 1942 qu'il
1138 1905 1296 1941 repassa
1319 1894 1354 1930 la
1379 1906 1508 1931 mer...
1532 1909 1546 1929 ν

139 1949 254 1992 (Bibl.
278 1957 376 1998 nat„
397 1951 507 1987 fonds
528 1952 649 2000 franc.
673 1953 778 1998 2598,
802 1953 864 1989 fol.
890 1954 929 1989 51
955 1958 1025 1999 v0),
1053 1953 1125 1989 soit
1149 1953 1303 2001 jusqu’a
1330 1953 1548 2000 l'approche

140 2008 188 2043 du
216 2009 260 2045 30
286 2010 495 2047 novembre
519 2011 624 2048 1340.
646 2002 826 2048 Edouard
850 2012 909 2048 ΠΙ
930 2012 1125 2060 debarqua
1149 2023 1199 2048 en
1226 2012 1314 2048 effer,
1340 2013 1362 2047 3
1388 2012 1425 2047 13
1447 2011 1550 2048 Tour

139 2066 185 2102 de
205 2067 378 2104 Londres
405 2068 501 2104 dans
530 2070 567 2105 13
594 2070 679 2106 nuit
706 2070 756 2106 du
782 2070 825 2106 30
854 2070 1078 2116 novembre,
1106 2071 1216 2117 apres
1246 2081 1322 2106 une
1351 2072 1548 2106 traversee

139 2125 293 2163 difficile
323 2127 388 2174 qui
417 2127 521 2164 avait
545 2128 639 2165 dure
665 2129 759 2165 trois
783 2129 890 2176 jours
921 2143 928 2165 :
959 2140 1002 2166 ce
1028 2129 1094 2177 qui
1121 2129 1272 2166 revient
1299 2129 1321 2165 3
1348 2128 1430 2166 dire
1457 2129 1548 2177 qu'il

140 2184 264 2221 s'etait
284 2185 492 2233 embarque
513 2186 535 2222 3
555 2177 722 2223 I’Ecluse
742 2187 777 2223 13
797 2188 842 2224 <28
863 2188 1089 2225 novembre.

185 2243 220 2279 2.
242 2233 421 2279 Edouard
437 2245 493 2280 III
507 2245 563 2281 fut
578 2245 680 2282 force
696 2245 742 2282 de
756 2246 893 2283 laisser
907 2252 1017 2283 entre
1035 2246 1090 2282 les
1111 2246 1239 2283 mains
1261 2246 1306 2284 de
1328 2257 1389 2284 ses
1409 2248 1548 2284 cre'an-

139 2301 237 2338 ciers
258 2301 291 2337 le
313 2307 439 2337 comte
459 2301 504 2338 de
526 2302 658 2350 Derby
679 2314 828 2340 comme
851 2310 977 2351 otage.

186 2360 220 2396 3.
244 2360 296 2395 Le
317 2359 538 2395 lendemain
559 2360 602 2396 de
624 2372 693 2397 son
715 2362 879 2408 arrivee,
902 2363 936 2397 13
961 2362 1017 2397 roi
1044 2361 1313 2409 d'Angleterre
1341 2374 1450 2400 cassa
1477 2375 1546 2400 son

139 2418 374 2463 chancelier,
397 2418 568 2466 l'eveque
589 2419 634 2456 de
663 2420 904 2467 Chichester,
934 2431 1004 2457 son
1030 2421 1212 2458 tre‘sorier
1236 2427 1274 2458 et
1298 2422 1547 2470 emprisonna

139 2477 265 2514 divers
283 2479 408 2526 juges.

186 2538 219 2573 4.
243 2537 296 2574 Le
324 2538 365 2574 12
391 2538 532 2574 sevrier
552 2539 639 2576 *1341
665 2540 715 2585 (n.
745 2541 823 2587 st.)‚
844 2530 1024 2577 E'douard
1044 2541 1103 2577 III
1122 2541 1235 2590 lanea
1261 2548 1395 2579 contre
1421 2542 1546 2578 Strat-

138 2596 234 2643 ford,
258 2598 498 2645 archeveque
520 2597 564 2634 de
587 2598 843 2647 Canterbury,
867 2600 901 2636 le
926 2613 940 2633 α
964 2600 1116 2636 libellus
1136 2601 1321 2637 famosus.
1346 2615 1362 2635 »
1385 2602 1438 2637 Le
1458 2602 1545 2648 pre-

138 2657 205 2702 lat,
220 2657 361 2693 s’e'tant
376 2658 449 2693 mis
466 2668 515 2694 en
531 2659 657 2694 surete
676 2658 771 2694 dans
787 2670 829 2695 sa
840 2659 929 2696 ville
944 2660 1285 2707 archiepiscopale,
1298 2661 1410 2708 lanea
1424 2661 1545 2696 l'ana-

137 2716 268 2753 theme
291 2722 424 2753 contre
452 2728 550 2754 ceux
575 2717 639 2765 qui
661 2718 937 2755 attenteraient
964 2730 1040 2755 aux
1066 2719 1222 2756 libertes
1249 2719 1295 2757 de
1324 2711 1481 2767 1⁷Eglise
1508 2724 1547 2755 et

138 2774 213 2810 tint
238 2775 317 2812 tete
344 2786 392 2812 au
414 2776 485 2823 roi,
505 2786 598 2813 avec
619 2776 745 2824 lequel
764 2777 791 2812 il
818 2787 858 2813 se
884 2777 1095 2814 reconcilia
1124 2777 1337 2825 cependant
1370 2778 1405 2813 le
1425 2778 1443 2812 7
1467 2776 1546 2813 mai

140 2840 309 2871 suivant.
