1923 3358
127 266 344 313 1362-1363]
398 271 769 304 CHRONOGRAPHIA
794 271 947 304 REGUM
972 272 1250 304 FRANCORUM.
1457 269 1523 305 ‘297

122 353 191 398 Ex
216 350 302 398 alia
327 356 477 414 parte,
501 350 695 398 ducatus
717 350 985 415 Burgundie
1008 352 1162 399 evenit
1187 351 1286 417 regi
1307 351 1521 408 Johanni,

122 426 201 490 qui
228 425 356 474 dedit
383 442 491 473 eum
515 426 745 489 Philippo,
775 426 870 473 filio
899 443 983 474 suo
1009 427 1223 491 juniori1.

186 507 310 551 Tunc
338 503 464 550 idem
488 503 727 567 Philippus
752 502 864 550 abiit
885 504 944 551 ad
970 504 1244 568 capiendam
1268 504 1526 569 possessio-

121 596 229 627 nem
267 580 461 628 ducatus
505 579 772 644 Burgundie
811 586 857 626 et
896 596 1002 627 cum
1043 598 1099 628 eo
1140 581 1330 645 quidam
1371 581 1520 638 miles,

120 655 307 703 nomine
333 654 566 703 Gerardus
586 655 645 701 de
665 655 930 711 Servoliis2,
954 656 1032 718 qui
1054 673 1140 719 per
1160 674 1358 722 regnum
1384 661 1526 705 Fran-

120 732 187 779 cie
229 732 398 779 multas
443 731 731 779 conduxerat
775 737 1065 779 armatorum
1108 735 1335 781 turmasss.
1381 734 1525 798 Hujus

119 809 287 857 auxilio
307 809 433 857 idem
452 808 690 871 Philippus
712 808 907 872 subjecit
927 809 1147 856 comitem
1167 810 1520 867 Montisbliar‘di,

116 886 403 935 Ludovicum
423 886 480 933 de
500 886 816 933 Novocastro4
836 891 881 933 et
902 886 1060 949 plures
1081 886 1194 934 alios
1219 887 1277 934 de
1301 887 1524 935 comitatu

115 962 399 1028 Burgundie,
421 968 560 1026 atque
580 978 744 1010 omnes
764 962 823 1010 de
843 962 1014 1011 ducatu
1040 964 1309 1029 Burgundie
1335 964 1524 1012 obedie-

115 1046 226 1088 runt
252 1040 357 1087 sibi.

178 1119 288 1163 Post
312 1117 415 1173 hec,
439 1116 689 1173 Johannes,
711 1132 796 1163 rex
813 1115 1021 1173 Francie,
1043 1116 1154 1164 abiit
1171 1117 1447 1165 Avinionem
1465 1117 1523 1164 ad

115 1196 286 1257 Papam
319 1194 575 1249 Urbanum,
606 1193 742 1257 hujus
769 1193 970 1240 nominis
1003 1200 1206 1252 sextum,
1236 1194 1523 1242 visitandum

115 1277 162 1319 et
186 1270 443 1318 videndum
470 1272 622 1318 eum5.
655 1270 754 1327 Hic,
785 1271 992 1334 inquam,
1022 1271 1236 1319 Urbanus
1271 1272 1328 1319 de
1355 1271 1522 1319 abbate

115 1347 386 1395 monasterii
413 1347 566 1395 Sancti
590 1347 788 1397 Victoris
817 1348 1129 1405 Massiliensis,
1159 1348 1337 1395 ordinis
1369 1348 1523 1396 Sancti

113 1424 368 1480 Benedicti,
407 1424 674 1471 Innocentio
706 1427 829 1487 Pape
857 1430 990 1471 sexto
1017 1425 1063 1472 in
1098 1428 1272 1489 Papatu
1300 1426 1523 1473 successit

112 1501 363 1549 inmediate
392 1520 401 1548 ε
433 1502 556 1549 unde
583 1502 849 1549 Innocentio
882 1506 1006 1566 Papa
1037 1504 1274 1560 mortuoss,
1311 1502 1523 1550 cardina-

112 1578 179 1625 les
212 1578 258 1624 in
286 1578 506 1626 conclave
542 1578 797 1626 existentes
834 1586 880 1626 et
915 1579 1031 1626 alter
1067 1579 1199 1627 alteri
1239 1580 1519 1636 invidenteS‚

113 1671 205 1702 non
255 1655 462 1702 valentes
512 1671 593 1702 seu
640 1654 850 1703 volentes
893 1655 1095 1718 aliquem
1140 1656 1210 1703 sui
1257 1657 1428 1721 eligere
1476 1657 1521 1703 in

112 1734 301 1794 Papam,
331 1731 524 1779 tandem
549 1731 768 1780 instinctu
795 1732 993 1795 Spiritus
1019 1733 1190 1790 Sancti,
1217 1739 1268 1780 ut
1294 1733 1518 1789 creditur,

111 1807 371 1871 dompnum
390 1808 726 1864 Grimoaldum‚
748 1815 858 1855 tunc
880 1808 1099 1856 abbatem
1120 1809 1227 1857 dicti
1250 1809 1521 1857 monasterii

111 1885 265 1932 Sancti
285 1885 485 1934 Victoris
512 1885 570 1932 de
597 1885 795 1933 Massilia
822 1885 1062 1948 elegerunt
1086 1885 1131 1931 in
1158 1885 1361 1933 Ecclesia
1388 1888 1521 1933 Sum-

109 1978 240 2009 mum
266 1962 585 2018 Pontificem7,
610 1962 859 2025 ipsumque
885 1968 1230 2018 consecrantes,
1261 1962 1516 2018 Urbanum,

158 2097 193 2132 1.
214 2096 268 2132 Le
289 2096 310 2133 6
332 2095 551 2143 septembre
573 2095 677 2132 1363.

155 2154 190 2191 2.
213 2154 273 2192 Ou
300 2154 385 2201 plus
411 2160 657 2190 exactement
685 2153 847 2190 Arnaud
873 2153 919 2190 de
947 2154 1123 2200 Cervole,
1144 2153 1198 2190 dit
1224 2152 1517 2202 l'Archipretre.

109 2213 211 2250 C'est
233 2223 324 2249 sous
351 2223 421 2249 son
450 2212 644 2260 sobriquet
673 2213 890 2249 seulement
919 2223 992 2260 que
1022 2213 1059 2248 la
1089 2213 1295 2258 Chronique
1314 2215 1519 2250 normannie

109 2273 144 2309 le
165 2272 324 2309 connait
347 2276 395 2319 (p.
420 2273 510 2315 1563
535 2272 581 2308 cf.
605 2283 640 2319 p.
665 2271 746 2317 326,
770 2277 859 2308 note
881 2273 927 2315 5).

156 2330 190 2366 3.
215 2330 266 2366 Sa
285 2328 410 2366 bande
432 2341 471 2365 se
494 2330 708 2376 composait
729 2341 777 2366 en
800 2329 943 2377 grande
966 2329 1087 2377 partie
1108 2329 1153 2366 de
1174 2330 1355 2367 Bretons.

155 2391 190 2426 4.
213 2390 315 2426 C'est
335 2390 425 2425 bien
452 2390 685 2426 Neufchatel
710 2389 800 2437 qu’il
822 2389 901 2426 faut
929 2390 1013 2437 lire,
1035 2395 1072 2427 et
1093 2402 1171 2427 non
1192 2391 1342 2438 Chatel,
1365 2402 1516 2428 comme

109 2449 143 2485 le
163 2448 290 2485 donne
316 2448 338 2484 a
365 2454 441 2484 tort
467 2449 503 2484 la
530 2450 737 2494 Chrom'que
765 2450 967 2485 normande
990 2452 1036 2496 (p.
1061 2449 1155 2495 156).
1186 2449 1238 2487 Ge
1268 2460 1511 2497 personnage

109 2507 307 2554 s’appelait
327 2518 405 2543 non
420 2518 488 2554 pas
510 2507 642 2554 Louis,
665 2507 763 2543 mais
784 2507 897 2544 Jean.

156 2567 188 2602 5.
211 2566 309 2602 Jean
331 2566 377 2602 de
397 2566 566 2603 Venette
593 2567 771 2614 explique
798 2578 841 2603 ce
860 2577 1008 2615 voyage
1028 2579 1097 2615 par
1116 2568 1151 2604 le
1177 2568 1301 2616 projet
1322 2568 1513 2616 qu’aurait

109 2626 262 2662 caressc
290 2626 323 2661 le
351 2626 407 2662 roi
436 2626 536 2661 Jean
565 2625 766 2672 d'epouser
796 2626 832 2662 la
861 2626 967 2662 reine
993 2627 1145 2664 Jeanne
1171 2628 1217 2664 de
1246 2628 1362 2665 Sicile
1385 2630 1512 2674 (Chro-

108 2688 219 2730 nique
241 2687 354 2721 latine
373 2686 414 2720 de
436 2685 645 2721 Guilcaume
665 2686 706 2720 de
725 2686 877 2731 Nanyis,
902 2691 929 2722 t.
950 2685 1002 2732 H,
1024 2697 1059 2733 p.
1082 2686 1177 2732 3211).

155 2744 188 2779 6.
210 2744 404 2781 Innocent
424 2743 480 2779 VI
499 2749 654 2780 mourut
674 2743 696 2779 a.
717 2743 900 2792 Avignon
921 2744 955 2780 le
978 2744 1022 2781 12
1039 2745 1255 2793 septembre
1279 2744 1382 2782 1362.

155 2804 189 2839 7.
210 2803 264 2839 Le
298 2803 481 2841 conclave
514 2814 554 2840 se
584 2804 711 2841 reunit
745 2804 780 2841 le
812 2804 855 2841 22
887 2805 1103 2852 septembre
1136 2811 1173 2842 et
1207 2805 1302 2842 dura
1331 2806 1511 2854 jusqu’au
