1923 3358
116 273 220 319 1358]
391 275 763 309 CHRONOGRAPHIA
789 277 942 309 REGUM
968 277 1247 311 FRANCORUM.
1452 275 1520 312 275

178 355 448 418 Prepositus
468 372 656 419 quoque
676 362 1006 414 mercatorum,
1028 357 1186 405 audito
1206 357 1332 421 quod
1353 373 1521 421 regens

113 432 285 480 faceret
325 433 735 498 congregationem
773 433 1026 491 nobilium,
1067 440 1250 482 tantum
1290 434 1522 498 persuasit

112 509 450 557 Parisiensibus
489 509 616 572 quod
655 516 995 558 consenserunt
1035 511 1162 573 quod
1200 527 1284 557 rex
1318 513 1522 558 Navarre

112 591 235 632 esset
253 585 521 648 capitaneus
542 591 588 632 et
608 585 897 648 gubernator
920 586 1164 632 parisius1.
1190 587 1522 634 Mandaverunt

112 677 225 725 ergo
243 678 350 709 eum
377 661 455 724 qui
481 661 539 708 ad
571 678 652 708 eos
677 661 804 708 venit
830 677 937 708 cum
961 662 1164 709 maxima
1188 663 1407 710 comitiva
1434 667 1521 711 Na-

110 754 376 794 varrorum,
393 737 691 801 Anglicorum
704 739 722 766 ²
734 742 781 784 et
792 737 989 784 aliorum
1004 738 1246 786 hominum
1260 756 1517 788 armorum.

176 813 377 862 Consilio
407 829 607 877 namque
634 813 780 877 ipsius
803 814 927 878 regis
947 819 1152 862 Navarre
1178 815 1394 864 exierunt
1423 817 1521 864 fere

110 890 236 955 xiiijM
269 891 550 939 Parisienses
584 898 634 938 ut
670 891 790 939 irent
826 892 1165 956 Compendium
1204 893 1262 940 ad
1302 893 1521 941 obsiden-

110 968 223 1016 dum
266 973 507 1032 regentem
562 968 639 1031 qui
694 968 870 1016 ibidem
913 970 1057 1016 erat3.
1107 969 1224 1017 Misit
1274 986 1387 1034 ergo
1437 987 1521 1017 rex

108 1048 314 1092 Navarre
353 1045 540 1093 nuntios
574 1045 633 1093 ad
669 1045 928 1110 burgenses
971 1045 1263 1109 Compendii,
1302 1047 1520 1110 quatinus

110 1138 268 1169 secum
300 1122 468 1170 inirent
503 1121 662 1178 fedus;
701 1122 789 1185 ipsi
824 1129 979 1170 autem
1011 1123 1359 1186 responderunt
1393 1123 1520 1186 quod

109 1199 380 1246 nullomodo
413 1199 518 1254 sibi,
558 1199 639 1246 sed
672 1199 900 1246 duntaxat
931 1199 1111 1264 regenti
1143 1199 1333 1248 Francie
1359 1199 1521 1248 obedi-

107 1281 229 1323 rent.
257 1278 383 1322 Tunc
408 1275 503 1323 dux
530 1275 872 1323 Aurelianensis
904 1292 1011 1323 cum
1040 1276 1395 1341 quadringentis
1424 1277 1522 1324 lan-

108 1352 201 1399 ceis
218 1352 345 1399 venit
364 1351 704 1415 Compendium
726 1352 784 1399 ad
805 1352 1065 1416 juvandum
1091 1359 1351 1418 regentem,
1376 1371 1520 1418 nepo-

108 1434 205 1475 tem
266 1428 449 1475 suum4.
509 1428 702 1474 Interim
757 1428 972 1476 abierunt
1034 1429 1315 1477 Parisienses
1371 1446 1520 1493 usque

108 1505 396 1553 Silvanetum
437 1521 543 1552 cum
592 1522 701 1569 rege
752 1508 957 1553 Navarre
998 1512 1044 1553 et
1088 1506 1183 1554 suis
1223 1507 1517 1565 hominibus3

108 1582 190 1630 sed
226 1582 383 1630 audito
416 1581 543 1645 quod
579 1599 747 1647 magna
777 1582 1025 1630 multitudo
1066 1583 1290 1631 nobilium
1316 1584 1521 1633 conflue-

107 1665 211 1707 rent
235 1660 296 1708 ad
322 1665 582 1725 regentem,
613 1660 720 1708 inde
746 1660 949 1724 regressi
977 1666 1084 1708 sunt
1110 1661 1361 1710 Parisius5.

108 1814 406 1862 quelques-uns,
428 1814 463 1850 le
488 1813 609 1849 maire
629 1813 731 1848 Jean
761 1812 899 1849 Soulas
922 1813 979 1848 fut
1004 1812 1147 1860 pendu.
1170 1811 1344 1851 Ailleurs
1371 1825 1421 1851 on
1442 1813 1485 1850 lit
1509 1827 1516 1850 ε

111 1888 127 1907 «
149 1874 208 1910 En
229 1873 287 1910 cel
309 1885 373 1918 an,
395 1873 434 1909 fu
455 1873 489 1909 le
510 1873 631 1909 maire
658 1872 704 1908 de
725 1872 882 1909 Meaulx
901 1872 1030 1909 Jehan
1059 1872 1196 1908 Soulas
1218 1873 1285 1909 fait
1312 1873 1433 1909 saillir
1451 1884 1520 1920 par

113 1948 128 1966 «
151 1934 206 1969 les
226 1933 414 1969 fenestres
435 1943 484 1967 en
506 1932 543 1968 la
563 1943 631 1968 rue
652 1943 718 1968 sur
739 1932 794 1968 les
817 1932 967 1979 glesves
986 1946 1000 1965 ι)
1020 1931 1133 1978 (Bibl.
1151 1937 1249 1977 nat.,
1266 1931 1376 1967 fonds
1395 1932 1516 1980 franc.

113 1991 218 2037 5734,
240 1991 303 2027 fol.
328 1991 395 2027 108
411 1991 477 2036 v0).

159 2052 191 2087 1.
215 2050 318 2087 C’est
345 2050 447 2086 alors
470 2051 525 2096 (115
544 2049 630 2097 juin
652 2050 756 2095 1358)
784 2060 857 2097 que
887 2060 930 2086 ce
956 2049 1090 2096 prince
1112 2049 1153 2085 fit
1174 2060 1251 2085 une
1276 2049 1477 2097 harangue
1498 2049 1520 2084 ἐι

107 2109 249 2146 l’Hotel
270 2109 315 2145 de
337 2108 440 2145 ville.
464 2108 548 2145 Elle
570 2120 591 2144 a
608 2109 668 2144 ete
689 2109 940 2145 mentionnee
962 2109 1048 2155 plus
1067 2109 1163 2144 haut
1181 2122 1187 2144 :
1212 2122 1227 2141 «
1250 2109 1309 2144 En
1330 2109 1388 2145 cel
1409 2120 1459 2144 an
1480 2108 1518 2144 fu

110 2181 126 2201 «
150 2167 217 2203 fait
237 2179 318 2215 ung
338 2178 494 2203 sermon
515 2178 583 2214 par
604 2167 638 2203 le
660 2167 746 2214 Roy
767 2167 813 2202 de
834 2167 1006 2203 Naverre
1028 2167 1049 2202 a
1071 2167 1181 2202 Paris
1203 2178 1253 2203 en
1271 2166 1395 2203 l'ostel
1415 2166 1461 2202 de
1483 2167 1520 2202 la

112 2241 128 2261 «
151 2227 239 2263 ville
255 2233 291 2264 et
305 2238 373 2274 par
388 2227 688 2263 l⁷enhortement
704 2226 749 2262 de
766 2238 827 2262 ses
842 2226 952 2271 aliez,
968 2227 1006 2263 fu
1024 2226 1090 2262 fait
1103 2226 1295 2273 capitaine
1310 2226 1356 2263 de
1372 2226 1482 2262 Paris
1500 2240 1514 2259 »

112 2286 223 2329 (Bibl.
246 2292 345 2333 nat.,
367 2285 477 2321 fonds
499 2285 619 2333 franc.
645 2285 749 2331 5734,
771 2285 835 2321 fol.
862 2285 927 2321 108
946 2286 1012 2329 νο).

156 2344 190 2380 2.
213 2343 245 2379 ΙΙ
266 2357 291 2391 y
312 2355 334 2379 a
354 2355 407 2379 un
435 2348 543 2380 autre
563 2343 810 2390 temoignage
837 2343 902 2390 qui
924 2342 1109 2379 confirme
1140 2343 1176 2378 la
1196 2342 1424 2379 nationalite
1451 2342 1517 2379 des

110 2409 266 2450 troupes
292 2403 337 2439 de
365 2402 526 2438 Charles
553 2403 588 2438 ]e
609 2403 787 2438 Mauvais
811 2413 818 2438 z
845 2416 860 2435 α
883 2402 931 2438 Et
959 2402 1125 2438 estoient
1151 2402 1206 2438 les
1233 2413 1328 2449 gens
1354 2402 1518 2438 d’armes

113 2476 127 2496 α
151 2462 197 2498 de
220 2462 331 2497 Paris
346 2468 433 2498 tous
448 2462 608 2509 Englois
626 2476 640 2495 »
662 2461 775 2508 (Bibl.
793 2467 891 2507 nat.,
908 2461 1018 2497 fonds
1032 2461 1152 2509 franc.
1170 2461 1275 2507 5734,
1292 2461 1355 2497 fol.
1375 2462 1440 2499 '109
1456 2464 1515 2507 ΓΟ).

156 2522 189 2558 3.
214 2522 257 2558 ‘22
277 2521 362 2568 juin
386 2521 475 2558 1358
499 2521 556 2567 (ef.
581 2522 788 2565 Chronc'que
809 2522 1024 2563 normantia,
1048 2531 1085 2567 p.
1110 2520 1192 2566 313,
1214 2526 1305 2557 note
1327 2521 1375 2562 5).

157 2581 191 2619 4.
214 2581 270 2616 La
296 2591 421 2616 venue
451 2579 500 2616 du
529 2579 601 2616 duc
630 2579 831 2616 d'Orleans
861 2585 918 2616 est
947 2580 1083 2626 passee
1105 2590 1194 2616 sous
1224 2579 1369 2617 silence
1395 2591 1464 2627 par
1484 2579 1519 2615 la

114 2641 322 2685 Chronique
342 2641 547 2675 normantia
571 2648 617 2686 (p.
644 2638 738 2683 132).

160 2702 194 2736 5.
218 2699 293 2735 Sur
318 2698 564 2746 l'expedition
582 2704 715 2735 contre
731 2698 875 2744 Senlis,
891 2698 974 2735 voir
990 2699 1199 2746 Froissart,
1216 2699 1274 2735 ed.
1295 2698 1410 2745 Luce,
1425 2704 1451 2733 t.
1469 2697 1517 2744 V,

112 2770 148 2806 p.
172 2770 276 2805 xxxi,
297 2764 387 2795 note
412 2760 444 2794 1.
