1923 3358
110 303 214 350 1365]
385 304 756 338 CHRONOGRAPHIA
783 305 935 338 REGUM
960 303 1239 336 FRANCORUM.
1446 298 1512 335 325

109 385 292 433 comitis
333 384 570 433 Haricurie
609 390 654 432 et
696 384 949 432 Albemalle
987 382 1090 446 qui,
1138 387 1187 430 ut
1230 381 1405 429 dictum
1445 386 1515 429 est

106 479 267 526 supra,
294 462 425 526 jussu
454 461 581 526 regis
615 461 837 510 Johannis
870 460 1124 508 decollatus
1154 458 1239 506 fuit
1269 458 1315 505 in
1341 458 1515 506 Rotho-

107 555 261 604 mago,
292 554 400 586 cum
429 555 520 601 qua
546 538 761 594 Karolus‚
788 554 873 584 rex
901 537 1110 591 ancie,
1134 535 1264 582 dedit
1292 535 1332 582 ei
1359 540 1516 599 pater-

106 631 214 662 nam
231 613 555 668 hereditatem,
582 613 755 660 scilicet
779 612 1016 660 Haricurie
1040 618 1086 659 et
1104 611 1356 658 Albemalle
1372 611 1517 658 comi-

104 696 256 747 tatus,
298 706 417 752 quos
452 690 578 737 idem
619 706 702 736 rex
741 689 929 736 tenebat
970 694 1016 736 et
1058 687 1258 735 habebat
1296 705 1384 751 pro
1429 688 1516 736 sibi

105 767 383 815 confiscatos
402 784 413 822 3
435 765 571 812 aliam
594 765 896 829 desponsavit
917 781 1075 813 comes
1093 764 1349 821 Sabaudie3
1372 764 1516 812 altera

106 844 215 892 data
240 842 326 890 fuit
352 842 522 906 conjux
549 842 740 890 domino
766 843 824 890 de
844 842 1045 890 Arbreto
1071 842 1168 904 qui,
1196 857 1333 888 causa
1359 841 1511 906 hujus,

106 920 274 983 depost
295 924 459 966 contra
483 919 703 983 Anglicos
727 920 877 966 tenuit
902 924 1085 982 partem
1114 917 1268 965 Karoli
1298 918 1439 982 regis,
1469 918 1514 964 in

106 1014 197 1061 qua
228 996 390 1062 genuit
419 996 666 1052 Karolum‚
704 996 790 1044 sibi
829 1011 1173 1051 successorem,
1213 994 1515 1057 postmodum

105 1072 531 1120 conestabularium
554 1072 764 1129 Francie‚
797 1077 845 1119 ut
870 1071 990 1118 infra
1016 1071 1244 1118 dicetur¹.

170 1151 315 1198 Causa
341 1165 456 1196 vero
476 1148 613 1212 hujus
642 1148 768 1195 necis
793 1148 971 1212 regine,
1002 1152 1240 1210 pretactus
1265 1163 1349 1193 rex
1374 1148 1516 1193 Fran-

104 1227 173 1274 cie
200 1225 438 1274 mandavit
471 1225 730 1273 Bertrando
763 1225 821 1272 de
855 1225 1127 1287 Glaiquin02
1155 1224 1282 1287 quod
1309 1224 1516 1271 mitteret

107 1303 165 1351 de
212 1303 309 1350 suis
358 1301 627 1350 hominibus
675 1302 733 1349 ad
784 1301 1044 1349 faciendam
1088 1317 1306 1365 guerram
1352 1307 1515 1348 contra

105 1394 269 1442 regem
308 1378 528 1442 Hispanie
570 1378 788 1441 misitque
838 1394 944 1425 cum
983 1377 1049 1424 eis
1094 1376 1418 1424 marescallum
1456 1377 1514 1423 de

104 1456 405 1511 Audenehen,
427 1454 622 1502 Balbum
647 1455 706 1502 de
726 1455 932 1505 Villaniis
955 1460 1000 1501 et
1018 1455 1178 1518 plures
1204 1454 1319 1501 alios
1344 1453 1514 1501 milites

105 1533 163 1580 de
189 1532 398 1580 Francia.
432 1535 498 1579 Eo
528 1537 656 1588 tunc,
686 1549 771 1579 rex
803 1535 967 1579 Petrus
993 1549 1018 1578 a
1046 1532 1141 1579 suis
1177 1531 1445 1578 hominibus
1468 1531 1515 1577 in

107 1610 312 1657 maximo
348 1609 457 1656 odio
486 1609 746 1657 habebatur
779 1615 975 1672 propter
1010 1625 1170 1656 necem
1207 1608 1370 1655 uxoris
1404 1625 1512 1664 sue;

105 1693 152 1734 et
178 1686 285 1749 quia
312 1686 502 1733 tenebat
526 1702 667 1734 unam
693 1686 906 1743 Judeam,
935 1686 1111 1733 idcirco
1141 1702 1246 1733 eum
1279 1685 1516 1732 infidelem

104 1764 387 1828 reputabant
417 1781 425 1810 :
456 1771 654 1827 propter
685 1764 774 1810 hoc
806 1763 1065 1827 increpavit
1097 1779 1205 1810 eum
1239 1763 1382 1810 frater
1415 1762 1515 1826 ejus

104 1840 378 1898 bastardus,
432 1841 620 1888 nomine
658 1839 909 1897 Henricus,
949 1839 1031 1887 sed
1073 1856 1166 1886 non
1212 1839 1320 1886 inde
1365 1844 1516 1886 muta-

102 1923 179 1965 tus
205 1922 293 1965 est.

169 1998 295 2042 Tunc
331 1993 559 2042 Henricus
597 1994 722 2058 cepit
757 1993 910 2041 facere
952 2008 1174 2057 guerram
1212 1998 1373 2040 contra
1408 2009 1516 2040 eum

104 2071 283 2119 motivo
326 2077 372 2118 et
410 2070 603 2118 consilio
642 2071 876 2118 baronum
922 2070 1042 2117 illius
1078 2069 1246 2134 patrie.
1285 2069 1515 2117 Modicum

105 2154 230 2213 post,
263 2148 310 2195 in
351 2148 573 2196 auxilium
612 2147 796 2197 Henrici
832 2148 942 2195 abiit
976 2146 1263 2194 Bertrandus
1299 2146 1358 2193 de
1397 2147 1516 2194 Glai-

105 2225 248 2288 quino
275 2241 383 2273 cum
407 2224 673 2272 hominibus
695 2224 841 2280 suis33
864 2241 948 2271 rex
969 2240 1157 2287 quoque
1180 2226 1361 2279 Petrus,
1387 2240 1515 2271 com-

105 2302 267 2366 pulsus
295 2302 353 2350 ab
380 2302 600 2365 Hispania
629 2302 776 2359 exire,
807 2301 919 2349 abiit
945 2301 992 2348 in
1017 2318 1152 2349 suum
1184 2318 1381 2366 regnum
1408 2304 1515 2351 Cas-

154 2438 187 2472 1.
210 2436 306 2472 Cree'
328 2436 558 2473 connetable
580 2447 628 2472 en
651 2437 754 2472 1415.

152 2495 186 2531 2.
210 2494 271 2531 Du
299 2494 497 2540 GuescIin,
525 2494 592 2531 fait
612 2494 833 2541 prisonnier
853 2494 874 2530 a
896 2495 932 2530 la
952 2494 1106 2532 bataille
1127 2492 1315 2543 d’Auray,
1337 2496 1393 2531 fut
1414 2496 1513 2531 rela-

106 2555 178 2591 che
208 2554 318 2600 apres
345 2554 380 2590 le
405 2553 601 2600 paiement
628 2553 741 2589 d’une
770 2555 928 2590 enorme
956 2565 1102 2603 rancori
1130 2555 1270 2602 auquel
1297 2555 1457 2590 Charles
1480 2555 1513 2589 V

107 2613 310 2650 contribua
340 2624 437 2660 pour
466 2624 543 2649 une
575 2614 653 2649 tres
683 2613 778 2649 forte
805 2618 890 2660 part
919 2613 1136 2659 (Froissart,
1165 2614 1223 2650 ed.
1250 2614 1362 2659 Luce,
1391 2620 1418 2650 t.
1449 2614 1512 2659 VI,

106 2684 143 2720 p.
165 2684 279 2719 LXXX,
302 2678 393 2708 note
416 2672 462 2717 3).

155 2733 188 2769 3.
213 2733 264 2768 M.
288 2732 393 2768 Luce
421 2742 443 2767 a
471 2731 671 2768 demontre
702 2743 775 2779 que
796 2731 987 2768 Bertrand
1013 2731 1062 2768 du
1090 2732 1275 2768 Guesclin
1303 2743 1343 2768 sc
1368 2732 1439 2768 mit
1465 2743 1515 2768 en

111 2798 220 2827 route
240 2802 336 2838 pour
357 2790 560 2838 l'Espagne
584 2790 649 2827 des
673 2790 706 2826 le
727 2790 842 2827 debut
863 2790 1056 2827 d’octobre
1078 2790 1168 2827 1365
1190 2792 1323 2838 (Ihm).
