1923 3358
147 297 250 343 1358]
421 298 794 331 GHRONOGRAPHIA
820 297 975 330 REGUM
1000 296 1279 330 FRANCORUM.
1485 291 1552 328 283

146 377 338 426 federati
366 393 474 424 eum
499 377 735 423 Navarris.
761 379 888 423 Tune
913 376 1022 423 dicti
1049 375 1143 423 duo
1169 374 1339 422 milites
1364 373 1556 422 manda-

145 460 316 502 verunt
348 454 436 501 illis
471 453 529 501 de
560 453 800 501 Ambianis
827 453 1044 515 quatinus
1069 452 1321 500 redderent
1347 451 1414 500 eis
1438 467 1556 498 uxo-

146 547 222 578 res
249 547 383 588 suas;
411 530 469 578 ad
502 531 592 577 hoo
624 535 962 577 consenserunt
993 529 1143 593 major
1173 534 1219 576 et
1251 528 1411 592 plures
1445 528 1556 576 bur-

146 624 313 672 genses
346 607 425 671 qui
458 606 653 654 federati
688 612 820 652 erant
852 621 959 653 eum
986 606 1204 653 Navarris
1235 624 1244 653 :
1274 605 1417 653 ceteri
1442 621 1556 653 vero

147 684 549 739 contradixerunt,
578 683 789 730 volentes
815 681 1008 729 obedire
1034 683 1231 747 regenti.

210 760 559 810 Niehillominus
585 759 696 807 dicti
723 759 817 807 duo
839 759 1011 806 milites
1036 776 1143 807 cum
1169 760 1382 823 pluribus
1408 759 1557 807 homi-

146 838 300 894 nibus,
322 853 551 885 consensu
571 836 760 900 majoris
780 843 825 883 et
845 836 1042 883 aliorum
1063 837 1392 899 plurimorum⁷
1414 837 1559 883 intra-

145 921 315 962 verunt
342 914 497 961 villam
531 919 710 961 secrete
742 919 788 960 et
819 913 863 960 in
898 913 1110 977 pluribus
1145 913 1256 960 locis
1288 930 1338 960 se
1364 912 1559 960 abscon-

146 991 340 1047 derunt3
364 990 532 1038 deinde
549 990 595 1036 in
617 990 766 1037 noetis
784 989 1020 1054 profundo
1041 995 1220 1037 secrete
1240 995 1561 1037 convenerunt

146 1068 192 1115 in
220 1068 362 1115 armis
391 1074 438 1115 et
464 1067 672 1131 aggressi
702 1072 809 1114 sunt
835 1067 950 1114 alios
979 1067 1057 1130 qui
1088 1066 1341 1131 vigilabant
1366 1067 1412 1113 in
1440 1084 1559 1114 nova

147 1144 407 1200 firmatura,
451 1148 727 1205 tantumque
768 1142 977 1190 fecerunt
1018 1142 1144 1205 quod
1190 1159 1331 1189 unam
1373 1147 1559 1205 portam

146 1226 449 1284 aperuerunt.
497 1224 623 1267 Tune
672 1220 865 1267 Navarri
916 1219 1115 1284 ingressi
1165 1224 1273 1267 sunt
1321 1220 1556 1267 civitatem

148 1297 414 1359 multosque
441 1295 685 1359 depredati
713 1301 822 1342 sunt
847 1301 893 1343 et
918 1295 1206 1343 oeciderunt.
1229 1299 1356 1344 Tunc
1377 1296 1562 1344 auditus

148 1377 221 1419 est
246 1372 424 1419 elamor
453 1372 500 1418 in
531 1372 734 1429 civitate,
764 1388 1023 1435 omnesque
1056 1371 1302 1435 stupefacti
1330 1389 1379 1419 se
1410 1389 1562 1419 arma-

149 1454 341 1505 verunt3
373 1449 504 1496 multi
534 1449 674 1496 etiam
702 1449 781 1512 qui
808 1454 940 1495 erant
970 1449 1092 1496 inter
1124 1448 1243 1496 duos
1269 1465 1430 1497 muros
1457 1466 1563 1497 eur-

147 1526 316 1573 rebant
357 1525 416 1572 ad
462 1525 716 1573 secundam
759 1526 1050 1572 firmaturam
1067 1525 1102 1582 4,
1150 1542 1352 1589 eumque
1396 1543 1562 1574 omnes

147 1603 314 1650 armati
335 1603 431 1667 jam
458 1602 727 1667 congregati
755 1609 926 1659 essent,
948 1603 1138 1666 quidam
1159 1603 1380 1650 volebant
1405 1603 1564 1650 debel-

149 1680 244 1727 lare
285 1679 497 1727 inimicos
538 1697 547 1726 :
590 1680 673 1727 sed
717 1679 867 1744 major
905 1696 986 1727 eos
1025 1678 1345 1742 perturbavit;
1386 1679 1563 1727 idcir-eo

147 1756 426 1804 dimiserunt
453 1757 568 1804 alios
596 1757 676 1820 qui
703 1762 835 1804 erant
863 1757 985 1804 inter·
1012 1756 1131 1804 duos
1155 1772 1317 1804 muros
1342 1773 1490 1820 usque
1515 1755 1562 1803 in

148 1834 426 1882 crastinum.

213 1914 340 1958 Tunc
350 1910 499 1959 Guido
517 1909 575 1957 de
589 1910 881 1967 Castellione,
901 1926 1059 1958 comes
1076 1910 1230 1958 Sancti
1246 1910 1389 1967 Pauli,
1405 1909 1563 1957 venit2

149 1987 209 2036 ad
236 1987 606 2036 succurrendum
631 1987 719 2034 illis
750 1988 809 2035 de
841 1987 1051 2044 civitate3
1087 1987 1167 2051 qui
1194 2003 1307 2034 mox
1336 2003 1562 2051 campana

149 2134 223 2170 sait
243 2133 597 2181 qu'effeetivement
625 2133 698 2168 elle
720 2132 774 2168 fut
803 2133 999 2168 enfermee
1020 2132 1042 2167 a
1062 2131 1227 2168 Amiens
1250 2146 1266 2165 «
1287 2143 1385 2179 pour
1403 2143 1561 2180 souspe-

151 2207 166 2228 a
190 2204 263 2242 eon
292 2193 338 2229 de
369 2192 488 2229 crime
518 2192 563 2228 de
591 2192 670 2229 leze
700 2192 873 2239 mageste
901 2205 917 2225 »
949 2193 1102 2238 (Reouez'l
1132 2194 1173 2227 de
1197 2194 1312 2237 piaces
1343 2196 1492 2228 servant
1522 2194 1564 2228 de

145 2263 298 2299 preuves
311 2263 388 2287 aum
402 2253 591 2287 Mamoz'res
605 2262 672 2286 sur
687 2253 734 2286 les
751 2251 908 2286 troubles
924 2253 1051 2286 eoecites
1065 2261 1109 2286 en
1124 2252 1261 2286 Franco
1273 2261 1347 2296 par
1364 2251 1513 2287 Charles
1527 2252 1565 2286 II

149 2313 204 2348 dit
226 2314 256 2348 le
278 2313 491 2347 Mauvais...
517 2311 599 2357 [par
620 2309 841 2355 SecousseJ,
864 2321 899 2355 p.
924 2309 1017 2354 150).

198 2371 231 2406 1.
257 2384 273 2403 «
297 2370 432 2406 Subito
462 2380 530 2405 rex
562 2369 737 2405 Navarra
771 2375 808 2405 et
839 2379 934 2415 gens
966 2379 1035 2404 sua
1068 2367 1108 2403 in
1138 2367 1332 2404 suburbiis
1362 2368 1560 2415 hospitati,

153 2443 169 2462 «
191 2428 294 2464 inter
314 2439 446 2464 muros
468 2427 621 2464 noviter
644 2427 765 2463 factos
787 2434 825 2464 et
852 2427 1030 2474 antiquos
1052 2426 1092 2462 in
1118 2427 1304 2474 populum
1333 2427 1557 2464 insurrexe-

152 2502 169 2522 «
192 2492 282 2522 runt
306 2500 320 2520 n
345 2487 564 2532 (Chronz'que
591 2488 632 2521 de
657 2488 749 2522 Jecm
775 2488 816 2522 de
844 2487 992 2529 Venette,
1024 2485 1124 2533 apud
1150 2487 1357 2532 Chronz'que
1385 2489 1500 2522 latine
1520 2488 1561 2523 de

150 2547 360 2583 Guillaume
388 2547 429 2580 de
458 2546 609 2590 Ναηῃίς,
641 2550 669 2580 t.
698 2545 748 2591 Π,
775 2557 810 2592 p.
840 2545 922 2581 274.
951 2567 996 2571 —-
1023 2545 1078 2582 Cf.
1110 2544 1318 2591 Froissart‚
1351 2545 1409 2581 ed.
1439 2545 1559 2591 Luce,

150 2609 177 2640 t.
204 2604 252 2650 V,
274 2615 311 2650 p.
335 2615 395 2649 XL,
418 2608 508 2639 note
528 2603 580 2647 ⁶2).

198 2664 232 2699 2.
255 2663 287 2698 Il
308 2662 439 2699 venait
454 2661 498 2697 de
512 2661 662 2698 Corbie.
680 2662 733 2697 Le
755 2662 887 2709 regent
902 2662 1033 2699 l’avait
1045 2663 1216 2709 nomme,
1233 2663 1266 2698 le
1283 2662 1327 2699 24
1344 2663 1436 2698 aout
1451 2663 1557 2708 1358,

152 2723 369 2759 lieutenant
398 2721 447 2757 du
478 2721 534 2757 roi
563 2732 612 2757 en
641 2721 818 2758 Picardie
844 2728 881 2758 et
912 2733 961 2758 en
991 2722 1222 2759 Beauvaisis
1252 2721 1471 2768 (Froissart‚
1499 2721 1557 2758 ed.

153 2782 271 2828 Luce,
294 2787 321 2818 t.
340 2780 391 2828 V,
412 2793 448 2828 p.
473 2793 533 2826 XL,
556 2785 645 2817 note
669 2781 713 2821 1).
