1923 3358
146 285 365 332 1337-1338]
418 288 791 322 CHRONOGRAPHIA
816 289 970 322 REGUM
994 287 1274 321 FRANCORUM.
1503 285 1546 321 27

142 370 246 428 sibi,
265 370 457 418 domino
476 387 561 418 suo
575 386 712 418 causa
729 370 973 433 Aquitanie
993 375 1039 417 et
1055 368 1252 426 Pontivi,
1273 367 1549 416 inobediens

141 447 319 501 fuerat;
348 452 394 495 et
419 447 689 495 conclusum
715 452 786 494 est
811 447 869 494 ab
896 446 1113 494 omnibus
1140 445 1267 509 quod
1294 445 1444 493 dictus
1463 461 1549 492 rex

140 524 302 589 Anglie
323 524 596 572 forefecerat
616 539 909 586 quecumque
929 523 1116 570 tenebat
1134 523 1192 570 de
1214 539 1324 586 rege
1339 521 1546 577 Francie,

141 606 187 649 et
212 600 339 663 quod
364 617 450 647 rex
472 599 662 647 Franeie
688 598 1031 662 aprehenderet
1057 598 1143 646 sibi
1169 598 1326 645 onmia
1351 615 1441 662 que
1464 614 1550 645 rex

139 677 302 741 Anglie
330 677 516 724 tenebat
543 676 629 723 sub
656 676 778 739 ipso.

204 756 330 801 Tune
367 769 453 800 rex
492 752 731 815 Philippus
771 751 899 799 misit
938 752 986 798 in
1021 751 1295 801 Vaseoniam
1335 767 1551 816 magnam

137 828 487 877 multitudinem
505 828 748 876 hominurn
768 844 1025 885 armorum,
1051 845 1170 891 quos
1189 827 1412 877 conduxit
1433 829 1552 876 Gua-

138 906 278 954 lesius
322 906 380 953 de
423 906 625 963 Balma1‚
676 906 901 971 magister
950 906 1295 953 balistariorum
1341 906 1547 963 Francie,

137 987 310 1049 Symon
329 984 604 1048 d’Orqueri2
621 990 668 1032 et
688 985 960 1048 Radulphus
980 984 1039 1032 de
1060 984 1337 1041 Robaisten3
1358 984 1552 1048 insuper

136 1062 232 1109 dux
262 1063 573 1119 Athenarum,
611 1062 669 1109 de
701 1079 795 1125 quo
831 1061 950 1108 infra
986 1061 1191 1119 dicetur,
1226 1061 1458 1110 ,lohannes
1493 1061 1551 1108 de

135 1138 369 1195 Cabilone,
394 1138 656 1186 Ludovicus
675 1138 734 1186 de
760 1142 1065 1195 Novocastro,
1090 1138 1325 1187 Gerardus
1346 1137 1404 1186 de
1424 1141 1552 1186 Mon-

135 1216 392 1272 tisfalcone,
421 1216 584 1263 Floton
611 1216 670 1263 de
696 1216 887 1273 Revelo,
917 1216 1039 1264 filius
1067 1215 1327 1263 cancellarii
1361 1215 1552 1263 Franeie

135 1298 181 1340 et
200 1293 360 1356 plures
379 1293 453 1340 alii
473 1292 643 1340 milites
664 1293 853 1340 fuerunt
871 1309 978 1340 eum
998 1292 1064 1340 eis
1090 1311 1098 1340 :
1124 1292 1294 1355 quibus
1314 1308 1397 1339 rex
1414 1291 1552 1356 jussit

135 1375 185 1417 ut
212 1369 426 1417 saisirent
452 1375 602 1416 castra
629 1370 753 1435 regis
778 1370 958 1434 Anglie,
988 1370 1069 1433 qui
1094 1369 1155 1416 ita
1181 1369 1408 1416 fecerunt.
1436 1371 1551 1416 Nam

134 1451 361 1510 ceperunt
391 1447 726 1505 Pesmerium3,
759 1446 1095 1504 Pesmerolum,
1124 1446 1331 1493 Blaviam
1361 1451 1406 1492 et
1436 1448 1552 1493 Bur-

133 1592 233 1628 deux
253 1592 350 1629 dans
371 1593 426 1629 les
448 1593 826 1640 Basses-Pyrenees.
843 1613 890 1619 —
904 1593 956 1628 Le
973 1593 1248 1629 eontinuateur
1265 1593 1310 1628 de
1327 1593 1549 1628 Guillaume

133 1650 178 1686 de
200 1651 348 1698 Nangis
371 1655 417 1696 (t.
439 1651 492 1692 ΙΙ,
514 1663 549 1698 p.
578 1653 662 1695 157)
691 1651 819 1687 donne
848 1662 998 1687 comme
1027 1651 1195 1698 premier
1225 1656 1310 1687 aete
1342 1651 1549 1686 d’llostilite

133 1711 167 1748 le
188 1711 328 1759 pillage
349 1723 418 1759 par
439 1712 494 1748 les
514 1712 681 1759 Anglais
710 1712 755 1748 de
784 1712 947 1748 Paraeol
974 1723 1023 1748 en
1046 1711 1260 1758 Saintonge
1285 1724 1292 1747 ε
1317 1722 1359 1747 ee
1381 1712 1546 1748 chateau

134 1770 376 1817 appartenait
398 1781 448 1806 en
469 1771 559 1807 effet
580 1781 629 1806 au
652 1770 707 1807 roi
728 1769 1014 1818 d'Angleterre,
1039 1770 1215 1818 puisque,
1238 1771 1272 1807 le
1294 1770 1316 1806 2
1333 1770 1416 1817 juin
1440 1770 1544 1816 1337,

131 1827 295 1865 Arnaud
331 1830 376 1865 de
415 1829 663 1875 Marmande,
694 1831 852 1877 eeuyer,
889 1829 1049 1865 (lonnait
1086 1829 1285 1876 quittance
1319 1829 1341 1864 a
1379 1829 1473 1864 Itier
1504 1828 1549 1864 de

132 1887 312 1934 Magnae,
342 1887 526 1923 seneohal
548 1887 592 1923 de
623 1887 851 1935 Saintonge,
874 1898 971 1934 pour
999 1887 1031 1922 le
1060 1891 1240 1922 montant
1267 1886 1312 1921 de
1341 1896 1402 1921 ses
1432 1896 1548 1932 gages

133 1956 284 1982 comme
305 1946 464 1994 gardien
485 1946 535 1982 du
558 1947 724 1982 eliateau
746 1946 791 1983 de
812 1946 976 1982 Paraeol
999 1945 1112 1992 (Bibl.
1139 1950 1236 1991 nat.,
1259 1944 1387 1980 Titres
1410 1944 1547 1981 scelles

131 2003 177 2039 de
199 2003 493 2050 Clairambault,
516 2004 592 2041 vol.
616 2004 675 2049 70,
700 2004 763 2040 fol.
789 2004 911 2046 5481).

180 2064 213 2099 1.
237 2063 292 2099 Cf.
317 2064 525 2109 Chronique
553 2065 770 2106 normannie,
794 2075 829 2110 p.
854 2063 937 2108 244,
960 2068 1050 2099 note
1080 2064 1121 2106 1;
1147 2074 1189 2099 ee
1212 2067 1316 2098 texte
1346 2073 1393 2098 ne
1421 2062 1547 2098 donne

132 2133 206 2169 que
228 2123 281 2157 les
303 2122 397 2158 trois
418 2122 606 2169 premiers
628 2133 740 2158 noms
763 2122 859 2158 cites
881 2133 949 2169 par
971 2127 1081 2158 notre
1104 2121 1332 2168 chronique.

179 2181 214 2217 2.
238 2180 326 2216 Lire
347 2180 483 2217 Simon
505 2179 725 2228 d'Arqueri.

181 2239 213 2276 3.
238 2239 287 2275 Ge
310 2250 401 2275 nom
422 2244 479 2275 est
501 2241 746 2276 assurement
767 2251 843 2275 une
865 2251 998 2275 erreur
1017 2252 1023 2274 :
1051 2239 1075 2274 il
1097 2238 1207 2285 s’agit
1228 2237 1272 2274 de
1298 2238 1445 2284 Penne,
1467 2237 1546 2285 qui,

134 2309 223 2334 sous
243 2298 280 2334 la
301 2298 421 2334 forme
443 2301 588 2344 Pennas,
613 2304 717 2346 peut,
734 2299 756 2334 a
771 2300 807 2335 la
822 2299 993 2346 rigueur,
1011 2309 1050 2334 se
1072 2298 1142 2334 lire
1160 2300 1314 2334 Pesmer.
1332 2298 1425 2333 MM.
1443 2296 1493 2333 A.
1510 2302 1548 2332 et

131 2357 176 2393 E.
206 2357 387 2393 Molinier
419 2363 486 2394 ont
515 2357 642 2394 donne
665 2370 731 2394 sur
762 2369 825 2395 ees
855 2358 977 2405 prises
1006 2362 1093 2393 tous
1122 2358 1177 2394 les
1209 2357 1547 2404 renseignements

139 2416 383 2453 neeessaires
410 2416 506 2452 dans
534 2417 617 2453 leur
639 2417 782 2454 edition
805 2417 849 2453 [le
872 2418 908 2452 la
935 2418 1144 2462 Chrom'que
1165 2418 1370 2452 normantia
1389 2417 1437 2462 (p.
1464 2416 1546 2462 ²245,

132 2481 244 2511 notes
268 2477 281 2511 1
308 2487 329 2510 a
351 2475 399 2520 ss).
418 2475 491 2512 Ces
513 2477 766 2513 evenements
791 2481 927 2513 enrent
949 2477 1026 2512 lieu
1053 2476 1097 2512 de
1122 2476 1210 2512 1337
1233 2476 1254 2511 a
1276 2476 1380 2512 1338.
1401 2475 1547 2521 J'ajou-

132 2534 228 2570 ter-ai
260 2534 375 2581 qu⁷en
407 2534 497 2570 1334
532 2535 567 2572 le
601 2535 658 2571 roi
691 2534 961 2583 (l'Angleterre
995 2535 1099 2572 avait
1133 2535 1290 2571 nomme
1325 2534 1545 2570 Guillaume

131 2591 335 2627 Matesdon
356 2591 378 2626 ἐι
398 2592 434 2626 la
455 2592 570 2638 garde
591 2592 636 2628 de
658 2593 694 2629 la
714 2599 822 2640 porte
844 2593 893 2628 du
910 2593 1073 2630 chateau
1092 2593 1136 2629 de
1154 2594 1289 2629 Penne
1305 2592 1421 2638 (Bibl.
1446 2597 1544 2639 nat„

133 2650 337 2687 collection
364 2650 537 2696 Moreau,
559 2651 641 2697 649,
670 2651 735 2687 fol.
766 2652 832 2687 107
866 2654 926 2697 r0),
959 2657 996 2688 et
1023 2652 1136 2699 qu'en
1170 2652 1259 2688 1335
1286 2652 1322 2686 la
1350 2650 1464 2698 garde
1494 2650 1544 2685 du

132 2720 248 2746 sceau
276 2709 297 2745 ὁ.
325 2714 497 2746 contrats
525 2709 570 2746 de
598 2710 732 2746 Penne
765 2716 802 2747 et
836 2711 1037 2758 Puymirol
1069 2711 1162 2747 etaib
1196 2709 1387 2747 eoncedee
1414 2720 1482 2756 par
1510 2709 1543 2744 le

132 2769 257 2805 meme
278 2768 410 2815 prince
436 2768 458 2805 ξι·
478 2769 577 2806 Jean
598 2769 738 2816 l’Espie
760 2769 839 2817 qui,
862 2769 1013 2807 l'annee
1035 2771 1229 2815 suivante,
1251 2774 1316 2805 eut
1335 2780 1431 2815 pour
1454 2779 1541 2805 suc-
