1923 3358
333 251 378 287 90
606 248 974 284 CHRONOGRAPHIA
1000 247 1152 279 REGUM
1176 245 1455 279 FRANGORUM.
1624 241 1729 289 [1340

333 334 420 381 bus
436 331 545 379 dicti
566 329 690 393 regis
707 326 868 391 Anglie
881 326 1012 390 jussu
1031 325 1129 389 ejus
1146 325 1278 372 factis
1296 325 1341 371 in
1361 327 1528 372 Sancto
1547 327 1731 372 Bavone

333 406 639 462 Gandavensi,
670 421 758 468 pro
783 404 853 451 sui
878 402 1166 450 mansione1.

396 485 593 536 Veniens
618 483 773 545 itaque
798 497 883 528 rex
909 479 1197 535 Gandmrum,
1226 484 1443 542 receptus
1469 482 1540 526 est
1563 478 1621 526 ab
1646 478 1734 525 illis

332 564 390 610 de
414 561 518 608 villa
547 559 744 607 multum
770 557 1050 613 honorifice3
1077 572 1275 618 cumque
1301 571 1387 602 rex
1411 554 1588 602 locatus
1613 559 1736 601 esset

331 640 376 686 in
396 641 563 686 Sancto
587 639 790 692 Bavone‚
813 633 1012 682 Jacobus
1038 633 1096 681 de
1121 632 1383 681 Arthevella
1402 631 1530 678 venit
1550 630 1608 678 ad
1629 646 1737 678 eum

332 722 377 763 et
402 712 618 763 salutavit
649 728 773 759 eum.
809 711 888 759 Cui
922 727 1005 757 rex
1037 709 1200 774 Anglie
1231 708 1430 756 multum
1459 707 1738 772 regratiatus

332 797 402 840 est
427 808 483 839 eo
509 789 636 853 quod
661 787 924 852 Flamingos
950 786 1009 834 ad
1036 803 1084 834 se
1109 785 1431 840 convertisset,
1459 783 1738 848 promittens

333 868 417 917 sibi
434 867 576 915 multa
590 866 711 913 bona
729 865 897 912 facere.
915 866 971 910 Et
984 861 1182 912 Jacobus
1200 861 1257 909 de
1272 861 1534 910 Arthevella
1547 876 1740 923 expres-

335 945 394 993 sit
413 944 454 991 ei
474 948 646 990 statum
669 940 956 1005 cognationis
980 956 1060 987 sue
1081 944 1126 986 et
1146 939 1344 1001 qualiter
1369 944 1491 985 esset
1517 937 1740 1001 magister

334 1020 695 1084 Flamffigorum,
721 1017 798 1080 qui
819 1023 865 1064 et
885 1016 1014 1080 cujus
1035 1015 1318 1062 condicionis
1339 1014 1563 1078 Flamingi
1587 1019 1742 1060 essent

334 1105 380 1147 et
405 1097 642 1161 quomodo
669 1095 838 1142 vellent
867 1094 967 1158 regi
993 1100 1040 1141 et
1066 1093 1263 1156 qualiter
1293 1092 1431 1139 etiam
1457 1091 1560 1138 irati
1586 1095 1743 1138 essent

335 1181 496 1224 contra
528 1173 747 1222 comitem
778 1172 1018 1219 dominum
1053 1186 1189 1217 suum
1224 1174 1420 1232 propter
1453 1166 1738 1231 supradicta,

335 1252 414 1315 qui
446 1251 625 1314 fugerat
658 1247 857 1295 Parisius
891 1246 950 1293 ad
984 1262 1145 1309 regem
1175 1245 1381 1293 Francie.
1422 1263 1442 1288 <x
1479 1242 1744 1290 Nichilomi-

341 1348 361 1373 (ι
392 1345 495 1383 nus,
531 1346 550 1371 >³
581 1325 747 1387 inquit,
782 1343 801 1368 α
832 1339 996 1370 omnes
1021 1322 1079 1369 de
1108 1322 1257 1369 tribus
1282 1321 1401 1368 villis
1432 1327 1478 1367 et
1509 1319 1568 1367 de
1601 1318 1744 1366 comi-

341 1424 360 1449 «
392 1409 490 1451 tatu
521 1401 732 1449 Flandrie
763 1399 925 1447 volunt
949 1398 1085 1447 vobis
1118 1398 1265 1446 subici
1294 1397 1416 1461 (sic),
1446 1396 1559 1444 dum
1587 1401 1743 1442 tamen

342 1501 362 1526 «
393 1481 459 1528 eis
487 1477 768 1543 promittatis
801 1476 928 1539 quod
962 1481 1123 1523 contra
1156 1490 1320 1522 omnes
1351 1474 1480 1537 ipsos
1510 1471 1745 1520 deffende-

343 1578 363 1603 ε(
395 1557 470 1604 tis.
494 1559 608 1605 Cum
635 1554 758 1602 enim
784 1552 954 1600 facietis
975 1568 1211 1616 guerram,
1236 1558 1397 1598 contra
1421 1565 1745 1614 quemcunque

344 1654 364 1679 «
394 1633 530 1681 vobis
571 1631 830 1679 subsidium
865 1628 1164 1693 prestabunt,
1209 1627 1320 1675 dum
1362 1632 1542 1682 tamen,
1583 1641 1746 1690 pacem

343 1730 363 1755 (ι
394 1710 563 1757 faciens
588 1724 694 1755 cum
720 1707 890 1769 aliquo,
920 1706 1164 1753 vobiscum
1190 1721 1270 1752 eos
1296 1703 1558 1752 includetis.
1594 1723 1614 1748 >³

403 1791 503 1835 Rex
532 1786 686 1848 itaque
716 1783 788 1831 his
821 1782 990 1829 auditis
1022 1781 1210 1846 gavisus
1243 1787 1313 1828 est
1337 1780 1490 1836 valde,
1524 1784 1746 1843 tanquam

340 1863 402 1910 nil
420 1862 543 1909 aliud
557 1860 844 1916 desiderans,
864 1858 1126 1923 benigniter
1146 1858 1456 1905 concordatus
1476 1863 1547 1904 est
1567 1872 1743 1904 secum.

339 1943 577 1989 Venerunt
604 1936 744 1983 etiam
768 1935 827 1982 ad
856 1952 962 1982 eum
989 1935 1050 1982 illi
1077 1934 1134 1981 de
1161 1934 1297 1982 bonis
1323 1934 1444 1980 villis
1470 1939 1517 1981 et
1541 1932 1748 1981 castella-

341 2016 428 2063 niis
444 2014 655 2062 Flandrie
673 2013 732 2060 ad
750 2012 1042 2059 salutandum
1061 2028 1184 2066 eum,
1210 2011 1476 2058 deferentes
1495 2010 1535 2057 ei
1555 2025 1749 2058 munera

340 2091 576 2155 preciosa;
614 2088 943 2151 renovatisque
980 2088 1179 2135 invicem
1211 2086 1486 2151 juramentis
1521 2092 1568 2134 et
1602 2084 1749 2150 pactis

342 2169 458 2225 suis,
505 2167 861 2223 ordinaverunt,
906 2165 993 2213 sub
1035 2182 1154 2228 pena
1198 2164 1385 2219 mortis,
1427 2163 1555 2227 quod
1598 2162 1749 2211 nullus

342 2251 531 2293 vocaret
556 2260 716 2307 regem
739 2243 930 2290 Francie
957 2242 1042 2290 nisi
1067 2242 1331 2305 Philippum
1357 2241 1416 2288 de
1441 2240 1641 2289 Valesio.

407 2321 602 2380 Quidam
627 2337 739 2368 vero
766 2320 926 2368 dicunt
951 2319 1078 2383 quod
1104 2318 1222 2366 facta
1248 2318 1555 2366 conventione
1573 2315 1749 2381 jureju-

344 2396 491 2443 rando
512 2412 617 2443 cum
638 2395 1038 2451 Gandavensibus‚
1065 2394 1177 2442 abiit
1202 2394 1366 2458 Brugis
1392 2409 1498 2441 curn
1520 2391 1750 2441 Artevella

395 2550 426 2584 1.
450 2547 612 2583 Suivant
640 2546 831 2582 Froissart
860 2547 931 2591 (od.
955 2548 1072 2592 Luce,
1099 2552 1126 2582 t.
1148 2546 1180 2592 I,
1202 2558 1239 2593 p.
1261 2546 1358 2590 481),
1382 2546 1417 2582 la
1439 2546 1545 2582 reine
1566 2543 1749 2591 d'Angle-

347 2612 448 2643 torre
471 2617 510 2642 so
531 2605 645 2641 serait
668 2605 773 2651 logee
795 2604 816 2639 ἱι
839 2605 1011 2652 l’abbaye
1028 2605 1072 2640 de
1088 2604 1348 2641 Saint-Pierre
1365 2603 1409 2640 de
1425 2604 1548 2640 Gand.
1563 2604 1615 2639 Le
1629 2603 1749 2639 baron

347 2667 506 2713 Kervyn
532 2665 577 2701 de
599 2664 836 2701 Lettenhove
864 2676 882 2699 a
907 2665 1052 2711 signal&
1074 2664 1146 2707 (ed.
1171 2664 1215 2700 de
1239 2663 1447 2709 Froissart‚
1469 2669 1494 2699 t.
1518 2663 1588 2708 111,
1611 2673 1645 2709 p.
1669 2662 1750 2707 481)

351 2725 386 2761 le
410 2730 561 2772 compte
584 2724 628 2761 de
652 2734 694 2759 sa
714 2723 867 2759 maison
890 2723 910 2758 ἱῑ
933 2729 1032 2759 cette
1053 2724 1211 2770 epoque.
