1923 3358
371 265 415 301 62
649 263 1019 329 CHRONOGRArHIA
1044 262 1197 294 REGUM
1222 261 1501 294 FRANCORUM.
1666 257 1769 305 [1338

371 348 450 404 sis,
472 345 643 393 scilicet
662 342 950 391 Godemarus
970 340 1029 388 de
1048 339 1268 404 Fageto¹‚
1290 339 1440 387 extitit
1461 339 1701 388 ordinatus
1725 345 1773 387 et

370 429 421 470 ut
438 440 524 470 una
537 437 640 468 cum
651 420 739 466 hoc
753 417 1080 482 [deffenderet]
1093 423 1296 464 castrum
1310 416 1466 464 Scluze
1477 418 1496 445 2
1506 416 1639 480 juxta
1652 420 1772 465 Dua-

370 515 493 553 cum,
517 497 574 544 de
600 494 792 543 Allodiis
817 495 865 541 in
890 494 1089 542 Pabulo³
1117 499 1164 541 et
1180 493 1239 542 de
1257 493 1437 541 Oisiaco
1453 492 1470 522 4
1487 493 1646 540 traditi
1665 499 1774 540 sunt

370 574 457 622 sibi
474 572 605 621 multi
622 571 834 619 homines
850 587 1091 619 armorum
1108 576 1154 618 et
1175 570 1504 618 soldariorum.
1523 569 1593 619 Ad
1611 571 1773 618 Came-

368 667 529 698 raoum
556 665 689 707 vero,
725 665 865 713 quam
898 665 1056 696 comes
1087 649 1292 696 Hanonie
1324 647 1550 711 querebat
1575 647 1769 704 habere,

367 734 414 775 et
428 726 534 774 ideo
550 726 780 774 munierat
795 725 884 773 tria
904 730 1056 773 castra
1076 725 1343 789 propinqua
1357 725 1442 772 sibi
1463 723 1769 788 pertinencia,

366 820 569 866 quorum
591 802 798 866 primum
817 807 915 848 erat
936 801 1306 858 Esoaudeuvref‘,
1332 801 1588 849 secundum
1608 801 1773 849 Relen-

368 879 506 943 qhesss
527 884 572 927 et
590 878 787 927 tercium
807 877 1087 935 Bouchaiffl,
1112 878 1241 925 missi
1261 882 1370 925 sunt
1390 877 1584 925 comites
1609 879 1775 925 Arma-

368 956 509 1013 niaci,
548 955 928 1003 Autisidiorensis
962 953 1087 1019 (sio),
1128 954 1392 1002 Ludovicus
1432 953 1491 1001 de
1533 954 1770 1018 Hispania,

369 1033 480 1080 Galo
506 1032 564 1079 de
590 1036 797 1089 Bamma,
826 1031 1050 1095 magister
1075 1030 1450 1078 balistariorum8
1476 1035 1523 1078 et
1552 1030 1775 1078 Eurricus

366 1109 616 1156 Theobaldi
646 1125 753 1157 cum
788 1124 955 1173 magna
987 1107 1283 1155 multitudine
1316 1107 1514 1155 militum
1545 1112 1592 1154 et
1623 1106 1776 1155 solda-

368 1185 565 1233 riorum.

430 1265 488 1309 Et
517 1262 625 1326 quia
659 1263 1013 1310 Cameracenses
1048 1277 1155 1308 cum
1189 1259 1412 1324 episcopo
1443 1276 1553 1318 suo,
1589 1259 1775 1308 nomine

368 1338 609 1385 Guillelmo
635 1337 693 1385 de
719 1338 977 1395 Aussona9,
1007 1337 1427 1385 confederaverunt
1452 1353 1502 1384 se
1527 1353 1634 1385 cum
1667 1354 1775 1401 pre-

417 1495 451 1531 4.
473 1494 665 1531 Froissart
693 1495 763 1542 (ed.
792 1496 911 1542 Luce,
939 1500 967 1531 t.
997 1495 1027 1542 1,
1056 1506 1092 1542 p.
1124 1495 1204 1540 405)
1233 1494 1302 1539 dit,
1331 1504 1379 1529 au
1407 1493 1614 1535 contraire,
1639 1504 1713 1541 que
1739 1493 1775 1531 le

371 1554 552 1601 seigneur
571 1554 616 1590 de
637 1554 808 1601 Beaujeu
830 1554 886 1590 fut
906 1554 979 1590 mis
1006 1565 1055 1589 en
1077 1553 1260 1601 garnison
1281 1552 1302 1588 ὲ
1323 1552 1665 1599 Mortagne-Nord,
1685 1557 1775 1589 tan-

369 1613 426 1649 dis
447 1624 521 1660 que
542 1613 734 1650 Godemar
755 1613 805 1649 du
830 1613 911 1660 Fay
933 1612 1025 1649 etait
1052 1613 1208 1649 nomme
1236 1622 1483 1659 gouverneur
1503 1610 1549 1647 de
1575 1611 1772 1660 Tournay.

369 1671 490 1709 Notre
511 1672 723 1727 chronique
744 1672 929 1709 confirme
952 1683 994 1709 ce
1015 1672 1170 1708 dernier
1188 1671 1309 1718 point.
1333 1671 1458 1718 (Ibid.‚
1478 1683 1516 1718 p.
1539 1672 1662 1718 ccxn.)

415 1729 448 1766 2.
473 1729 671 1774 L’Ecluse,
691 1730 811 1775 Nord,
834 1729 1163 1767 arrondissement
1185 1729 1228 1765 de
1251 1729 1391 1776 Douai,
1414 1734 1557 1765 canton
1572 1727 1773 1766 d’Arleux.

415 1789 449 1825 3.
471 1788 838 1836 Arleux—du-Nord,
859 1788 978 1835 Nord,
1001 1788 1332 1826 arrondissement
1353 1787 1398 1825 de
1426 1787 1565 1835 Douai,
1589 1787 1775 1824 chef-lieu

371 1847 416 1883 de
438 1853 596 1884 canton.

416 1907 450 1942 4.
474 1906 583 1954 Oisy,
605 1906 724 1954 Nord,
746 1906 1077 1944 arrondissement
1097 1911 1135 1942 et
1158 1911 1300 1943 canton
1321 1906 1366 1942 de
1387 1905 1690 1942 Valenciennes.

417 1966 451 2002 5.
473 1965 774 2013 Eseaudoeuvre,
797 1966 916 2012 Nond,
938 1965 1270 2002 arrondissement
1291 1972 1327 2003 et
1351 1971 1494 2003 canton
1514 1965 1560 2002 de
1581 1965 1773 2003 Cambrai.

417 2025 450 2062 6.
475 2025 712 2073 Relenghes,
724 2025 845 2073 Nord,
861 2025 1191 2062 arrondissement
1205 2032 1242 2062 et
1258 2031 1400 2062 canton
1412 2025 1457 2062 de
1469 2025 1660 2071 Cambrai,
1674 2035 1775 2062 com-

370 2094 488 2120 mune
508 2084 845 2122 d‘Escaudoeuvre.
862 2085 914 2122 Ge
930 2096 1022 2122 nom
1036 2084 1082 2122 de
1097 2085 1172 2122 lieu
1187 2090 1245 2121 est
1260 2085 1335 2121 cite
1350 2085 1446 2121 dans
1462 2096 1538 2122 une
1552 2084 1661 2132 piece
1675 2084 1774 2121 rela-

370 2143 448 2180 tive
470 2155 518 2179 au
539 2144 642 2191 siege
663 2144 708 2181 de
729 2144 906 2181 Cambrai
928 2145 1150 2191 (Chronique
1170 2146 1386 2187 normantia,
1410 2155 1444 2191 p.
1468 2144 1564 2190 ⁶216).

419 2203 452 2238 7.
479 2201 691 2250 Bouchain,
712 2203 832 2250 Nord,
854 2202 1184 2240 arrondissement
1204 2203 1250 2240 de
1267 2203 1571 2250 Valenciennes,
1588 2201 1774 2240 chef-lieu

372 2259 418 2295 de
440 2264 596 2295 canton.

420 2319 454 2355 8.
477 2318 570 2353 MM.
592 2319 637 2354 E.
666 2324 703 2355 et
729 2318 779 2355 A.
803 2320 983 2356 Molinier
1009 2325 1076 2357 ont
1105 2320 1248 2367 publie,
1271 2320 1367 2356 dans
1388 2321 1472 2357 leur
1498 2320 1641 2357 edition
1667 2319 1712 2356 de
1739 2319 1776 2356 la

375 2378 583 2421 Chronique
604 2380 805 2413 normande
827 2384 874 2425 (p.
897 2379 992 2425 214),
1015 2380 1051 2414 le
1072 2383 1221 2425 compte
1242 2378 1308 2414 des
1323 2379 1476 2416 deniers
1498 2379 1616 2427 payes
1633 2389 1702 2426 par
1721 2378 1774 2414 Le

374 2435 505 2471 Galois
534 2434 579 2471 de
609 2435 644 2471 la
669 2435 814 2472 Baume
844 2448 940 2483 pour
967 2437 1003 2473 la
1029 2437 1184 2474 defense
1205 2437 1250 2474 de
1271 2437 1463 2475 Cambrai.
1485 2437 1542 2473 De
1564 2437 1705 2479 meme,
1727 2436 1774 2473 ils

374 2499 441 2530 ont
461 2494 534 2529 mis
555 2505 602 2530 en
625 2494 782 2531 lumiere
805 2496 837 2531 le
860 2497 938 2532 rble
966 2497 1175 2544 important
1205 2496 1255 2532 du
1282 2503 1408 2533 comte
1436 2496 1698 2544 d'Armagnac
1725 2506 1774 2532 en

377 2559 476 2590 cette
498 2558 780 2589 cii-constance.

422 2612 456 2649 9.
479 2611 697 2648 Guillaume
723 2610 939 2659 d'Auxone,
961 2615 1105 2662 eveque
1133 2614 1179 2651 de
1208 2614 1400 2661 Cambrai,
1421 2614 1467 2651 de
1495 2614 1583 2651 1337
1614 2614 1636 2649 εὶ
1667 2614 1771 2650 1342.

377 2672 510 2716 (Gallia
533 2672 749 2715 christiana,
774 2675 801 2706 t.
823 2671 893 2717 III,
917 2672 987 2708 col.
1010 2673 1082 2719 4⁶3.)
1105 2673 1232 2709 Est-ce
1253 2685 1307 2709 un
1321 2673 1366 2710 de
1387 2683 1448 2710 ses
1469 2677 1626 2720 parents
1640 2683 1714 2720 que
1729 2683 1773 2709 ce

376 2730 475 2765 Jean
507 2729 754 2776 d'Auxonne,
789 2731 943 2776 ecuyer,
976 2732 1040 2777 qui
1071 2732 1198 2769 donne
1232 2732 1430 2779 quittance
1456 2732 1479 2768 ὲ.
1504 2732 1710 2779 Tournay,
1738 2731 1771 2768 le
