<?xml version="1.0" encoding="UTF-8"?>
<!DOCTYPE html PUBLIC "-//W3C//DTD XHTML 1.0 Transitional//EN"
    "http://www.w3.org/TR/xhtml1/DTD/xhtml1-transitional.dtd">
<html xmlns="http://www.w3.org/1999/xhtml" xml:lang="en" lang="en">
 <head>
  <title>
</title>
<meta http-equiv="Content-Type" content="text/html;charset=utf-8" />
  <meta name='ocr-system' content='tesseract 3.04.00' />
  <meta name='ocr-capabilities' content='ocr_page ocr_carea ocr_par ocr_line ocrx_word'/>
</head>
<body>
  <div class='ocr_page' id='page_1' title='image "./chronographiareg02mora_0204.png"; bbox 0 0 1923 3358; ppageno 0'>
   <div class='ocr_carea' id='block_1_1' title="bbox 339 253 1737 301">
    <p class='ocr_par' dir='ltr' id='par_1_1' title="bbox 339 253 1737 301">
     <span class='ocr_line' id='line_1_1' title="bbox 339 253 1737 301; baseline -0.006 -3"><span class='ocrx_word' id='word_1_1' title='bbox 339 261 406 298; x_wconf 73' lang='lat'>192</span> <span class='ocrx_word' id='word_1_2' title='bbox 609 260 978 294; x_wconf 83' lang='lat' dir='ltr'><strong>GHRONOGRAPHIA</strong></span> <span class='ocrx_word' id='word_1_3' title='bbox 1005 259 1156 292; x_wconf 79' lang='lat' dir='ltr'><strong>REGUM</strong></span> <span class='ocrx_word' id='word_1_4' title='bbox 1182 258 1460 291; x_wconf 84' lang='lat' dir='ltr'><strong>FRANCORUM.</strong></span> <span class='ocrx_word' id='word_1_5' title='bbox 1635 253 1737 301; x_wconf 79' lang='grc'>[1341</span> 
     </span>
    </p>
   </div>
   <div class='ocr_carea' id='block_1_2' title="bbox 328 337 1745 2397">
    <p class='ocr_par' dir='ltr' id='par_1_2' title="bbox 332 337 1742 787">
     <span class='ocr_line' id='line_1_2' title="bbox 336 337 1741 406; baseline -0.004 -17"><span class='ocrx_word' id='word_1_6' title='bbox 336 343 473 406; x_wconf 84' lang='lat' dir='ltr'>pibus</span> <span class='ocrx_word' id='word_1_7' title='bbox 504 341 698 392; x_wconf 86' lang='lat' dir='ltr'>faceret,</span> <span class='ocrx_word' id='word_1_8' title='bbox 733 338 832 401; x_wconf 87' lang='lat' dir='ltr'>ipse</span> <span class='ocrx_word' id='word_1_9' title='bbox 864 343 1019 384; x_wconf 88' lang='lat' dir='ltr'>tamen</span> <span class='ocrx_word' id='word_1_10' title='bbox 1053 354 1143 384; x_wconf 90' lang='lat' dir='ltr'>non</span> <span class='ocrx_word' id='word_1_11' title='bbox 1178 337 1400 384; x_wconf 84' lang='lat' dir='ltr'>evaderet</span> <span class='ocrx_word' id='word_1_12' title='bbox 1433 337 1491 384; x_wconf 90' lang='lat' dir='ltr'>de</span> <span class='ocrx_word' id='word_1_13' title='bbox 1526 337 1741 385; x_wconf 90' lang='lat' dir='ltr'>manibus</span> 
     </span>
     <span class='ocr_line' id='line_1_3' title="bbox 337 413 1742 481; baseline -0.004 -15"><span class='ocrx_word' id='word_1_14' title='bbox 337 419 430 466; x_wconf 92' lang='lat' dir='ltr'>suis</span> <span class='ocrx_word' id='word_1_15' title='bbox 456 422 649 481; x_wconf 88' lang='lat' dir='ltr'>propter</span> <span class='ocrx_word' id='word_1_16' title='bbox 681 415 900 462; x_wconf 88' lang='lat' dir='ltr'>ducatum</span> <span class='ocrx_word' id='word_1_17' title='bbox 932 415 1166 463; x_wconf 85' lang='lat' dir='ltr'>Britannie</span> <span class='ocrx_word' id='word_1_18' title='bbox 1199 431 1340 477; x_wconf 87' lang='lat' dir='ltr'>quem</span> <span class='ocrx_word' id='word_1_19' title='bbox 1373 413 1457 461; x_wconf 88' lang='lat' dir='ltr'>sibi</span> <span class='ocrx_word' id='word_1_20' title='bbox 1489 414 1742 461; x_wconf 77' lang='lat' dir='ltr'>abstulerat</span> 
     </span>
     <span class='ocr_line' id='line_1_4' title="bbox 335 489 1742 557; baseline -0.003 -16"><span class='ocrx_word' id='word_1_21' title='bbox 335 494 468 557; x_wconf 87' lang='lat' dir='ltr'>nugis</span> <span class='ocrx_word' id='word_1_22' title='bbox 489 497 535 539; x_wconf 89' lang='lat' dir='ltr'>et</span> <span class='ocrx_word' id='word_1_23' title='bbox 552 490 824 538; x_wconf 88' lang='lat' dir='ltr'>muneribus</span> <span class='ocrx_word' id='word_1_24' title='bbox 850 491 1016 538; x_wconf 90' lang='lat' dir='ltr'>oblatis</span> <span class='ocrx_word' id='word_1_25' title='bbox 1042 491 1232 554; x_wconf 88' lang='lat' dir='ltr'>paribus</span> <span class='ocrx_word' id='word_1_26' title='bbox 1260 490 1466 547; x_wconf 84' lang='lat' dir='ltr'>Francie‚</span> <span class='ocrx_word' id='word_1_27' title='bbox 1490 489 1568 553; x_wconf 94' lang='lat' dir='ltr'>qui</span> <span class='ocrx_word' id='word_1_28' title='bbox 1596 507 1742 554; x_wconf 85' lang='lat' dir='ltr'>prop-</span> 
     </span>
     <span class='ocr_line' id='line_1_5' title="bbox 333 566 1738 632; baseline -0.002 -15"><span class='ocrx_word' id='word_1_29' title='bbox 333 577 404 617; x_wconf 89' lang='lat' dir='ltr'>ter</span> <span class='ocrx_word' id='word_1_30' title='bbox 429 569 517 615; x_wconf 95' lang='lat' dir='ltr'>hoc</span> <span class='ocrx_word' id='word_1_31' title='bbox 548 567 926 632; x_wconf 75' lang='lat' dir='ltr'>adjudicaverant</span> <span class='ocrx_word' id='word_1_32' title='bbox 958 567 1179 615; x_wconf 87' lang='lat' dir='ltr'>ducatum</span> <span class='ocrx_word' id='word_1_33' title='bbox 1210 567 1444 615; x_wconf 89' lang='lat' dir='ltr'>Britannie</span> <span class='ocrx_word' id='word_1_34' title='bbox 1475 566 1611 614; x_wconf 85' lang='lat' dir='ltr'>uxori</span> <span class='ocrx_word' id='word_1_35' title='bbox 1639 583 1738 624; x_wconf 88' lang='lat' dir='ltr'>sue,</span> 
     </span>
     <span class='ocr_line' id='line_1_6' title="bbox 333 643 1739 709; baseline -0.001 -16"><span class='ocrx_word' id='word_1_36' title='bbox 333 647 389 693; x_wconf 90' lang='lat' dir='ltr'>de</span> <span class='ocrx_word' id='word_1_37' title='bbox 414 662 508 709; x_wconf 92' lang='lat' dir='ltr'>quo</span> <span class='ocrx_word' id='word_1_38' title='bbox 534 651 691 693; x_wconf 88' lang='lat' dir='ltr'>tamen</span> <span class='ocrx_word' id='word_1_39' title='bbox 721 662 814 692; x_wconf 91' lang='lat' dir='ltr'>non</span> <span class='ocrx_word' id='word_1_40' title='bbox 848 645 1074 709; x_wconf 82' lang='lat' dir='ltr'>gauderet</span> <span class='ocrx_word' id='word_1_41' title='bbox 1105 645 1164 692; x_wconf 87' lang='lat' dir='ltr'>de</span> <span class='ocrx_word' id='word_1_42' title='bbox 1190 645 1348 692; x_wconf 86' lang='lat' dir='ltr'>valore</span> <span class='ocrx_word' id='word_1_43' title='bbox 1381 644 1517 692; x_wconf 90' lang='lat' dir='ltr'>unius</span> <span class='ocrx_word' id='word_1_44' title='bbox 1543 643 1739 701; x_wconf 87' lang='lat' dir='ltr'>denarii,</span> 
     </span>
     <span class='ocr_line' id='line_1_7' title="bbox 332 722 1257 787; baseline -0.001 -17"><span class='ocrx_word' id='word_1_45' title='bbox 332 739 441 787; x_wconf 85' lang='lat' dir='ltr'>ymo</span> <span class='ocrx_word' id='word_1_46' title='bbox 465 727 731 770; x_wconf 89' lang='lat' dir='ltr'>moreretur</span> <span class='ocrx_word' id='word_1_47' title='bbox 755 727 860 769; x_wconf 90' lang='lat' dir='ltr'>ante</span> <span class='ocrx_word' id='word_1_48' title='bbox 887 722 996 770; x_wconf 89' lang='lat' dir='ltr'>solis</span> <span class='ocrx_word' id='word_1_49' title='bbox 1022 738 1257 770; x_wconf 88' lang='lat' dir='ltr'>occasum.</span> 
     </span>
    </p>

    <p class='ocr_par' dir='ltr' id='par_1_3' title="bbox 329 797 1745 1476">
     <span class='ocr_line' id='line_1_8' title="bbox 396 797 1741 863; baseline -0.001 -16"><span class='ocrx_word' id='word_1_50' title='bbox 396 803 520 847; x_wconf 90' lang='lat' dir='ltr'>Tunc</span> <span class='ocrx_word' id='word_1_51' title='bbox 540 799 737 848; x_wconf 90' lang='lat' dir='ltr'>Karolus</span> <span class='ocrx_word' id='word_1_52' title='bbox 757 799 1002 863; x_wconf 82' lang='lat' dir='ltr'>requisivit</span> <span class='ocrx_word' id='word_1_53' title='bbox 1019 799 1228 847; x_wconf 88' lang='lat' dir='ltr'>inducias</span> <span class='ocrx_word' id='word_1_54' title='bbox 1249 815 1338 863; x_wconf 86' lang='lat' dir='ltr'>pro</span> <span class='ocrx_word' id='word_1_55' title='bbox 1360 799 1455 847; x_wconf 91' lang='lat' dir='ltr'>suis</span> <span class='ocrx_word' id='word_1_56' title='bbox 1474 797 1741 845; x_wconf 91' lang='lat' dir='ltr'>hominibus</span> 
     </span>
     <span class='ocr_line' id='line_1_9' title="bbox 331 875 1743 941; baseline -0.002 -17"><span class='ocrx_word' id='word_1_57' title='bbox 331 882 377 924; x_wconf 87' lang='lat' dir='ltr'>et</span> <span class='ocrx_word' id='word_1_58' title='bbox 396 876 523 939; x_wconf 88' lang='lat' dir='ltr'>quod</span> <span class='ocrx_word' id='word_1_59' title='bbox 549 876 649 940; x_wconf 89' lang='lat' dir='ltr'>ipse</span> <span class='ocrx_word' id='word_1_60' title='bbox 676 875 825 923; x_wconf 85' lang='lat' dir='ltr'>exiret</span> <span class='ocrx_word' id='word_1_61' title='bbox 850 876 896 922; x_wconf 92' lang='lat' dir='ltr'>in</span> <span class='ocrx_word' id='word_1_62' title='bbox 923 892 1143 940; x_wconf 90' lang='lat' dir='ltr'>campum</span> <span class='ocrx_word' id='word_1_63' title='bbox 1165 882 1210 923; x_wconf 84' lang='lat' dir='ltr'>et</span> <span class='ocrx_word' id='word_1_64' title='bbox 1237 882 1469 941; x_wconf 80' lang='lat' dir='ltr'>pugnaret</span> <span class='ocrx_word' id='word_1_65' title='bbox 1491 891 1599 923; x_wconf 91' lang='lat' dir='ltr'>cum</span> <span class='ocrx_word' id='word_1_66' title='bbox 1619 891 1676 922; x_wconf 92' lang='lat' dir='ltr'>eo</span> <span class='ocrx_word' id='word_1_67' title='bbox 1697 879 1743 922; x_wconf 89' lang='lat' dir='ltr'>et</span> 
     </span>
     <span class='ocr_line' id='line_1_10' title="bbox 331 949 1742 1015; baseline -0.001 -15"><span class='ocrx_word' id='word_1_68' title='bbox 331 952 409 1015; x_wconf 90' lang='lat' dir='ltr'>qui</span> <span class='ocrx_word' id='word_1_69' title='bbox 436 952 717 1010; x_wconf 87' lang='lat' dir='ltr'>vinceretur,</span> <span class='ocrx_word' id='word_1_70' title='bbox 748 952 877 999; x_wconf 88' lang='lat' dir='ltr'>alteri</span> <span class='ocrx_word' id='word_1_71' title='bbox 911 952 1146 999; x_wconf 71' lang='lat' dir='ltr'>dimiteret</span> <span class='ocrx_word' id='word_1_72' title='bbox 1177 952 1365 1015; x_wconf 85' lang='lat' dir='ltr'>pacifice</span> <span class='ocrx_word' id='word_1_73' title='bbox 1394 951 1614 999; x_wconf 88' lang='lat' dir='ltr'>ducatum</span> <span class='ocrx_word' id='word_1_74' title='bbox 1640 949 1742 999; x_wconf 84' lang='lat' dir='ltr'>Bri-</span> 
     </span>
     <span class='ocr_line' id='line_1_11' title="bbox 330 1027 1742 1093; baseline -0.001 -16"><span class='ocrx_word' id='word_1_75' title='bbox 330 1030 501 1077; x_wconf 86' lang='lat' dir='ltr'>tannie.</span> <span class='ocrx_word' id='word_1_76' title='bbox 538 1031 703 1078; x_wconf 86' lang='lat' dir='ltr'>Comes</span> <span class='ocrx_word' id='word_1_77' title='bbox 738 1035 892 1077; x_wconf 85' lang='lat' dir='ltr'>autem</span> <span class='ocrx_word' id='word_1_78' title='bbox 928 1028 1231 1076; x_wconf 89' lang='lat' dir='ltr'>Montisfortis</span> <span class='ocrx_word' id='word_1_79' title='bbox 1265 1028 1510 1093; x_wconf 82' lang='lat' dir='ltr'>respondit</span> <span class='ocrx_word' id='word_1_80' title='bbox 1540 1029 1581 1075; x_wconf 91' lang='lat' dir='ltr'>ei</span> <span class='ocrx_word' id='word_1_81' title='bbox 1613 1027 1742 1091; x_wconf 92' lang='lat' dir='ltr'>quod</span> 
     </span>
     <span class='ocr_line' id='line_1_12' title="bbox 332 1104 1742 1168; baseline -0.001 -16"><span class='ocrx_word' id='word_1_82' title='bbox 332 1121 390 1151; x_wconf 84' lang='lat' dir='ltr'>ex</span> <span class='ocrx_word' id='word_1_83' title='bbox 410 1121 503 1168; x_wconf 93' lang='lat' dir='ltr'>quo</span> <span class='ocrx_word' id='word_1_84' title='bbox 529 1105 717 1152; x_wconf 85' lang='lat' dir='ltr'>tenebat</span> <span class='ocrx_word' id='word_1_85' title='bbox 742 1121 850 1152; x_wconf 88' lang='lat' dir='ltr'>eum</span> <span class='ocrx_word' id='word_1_86' title='bbox 876 1104 962 1152; x_wconf 92' lang='lat' dir='ltr'>sub</span> <span class='ocrx_word' id='word_1_87' title='bbox 990 1104 1058 1152; x_wconf 92' lang='lat' dir='ltr'>sui</span> <span class='ocrx_word' id='word_1_88' title='bbox 1086 1110 1334 1168; x_wconf 81' lang='lat' dir='ltr'>potestate,</span> <span class='ocrx_word' id='word_1_89' title='bbox 1358 1105 1532 1152; x_wconf 87' lang='lat' dir='ltr'>faceret</span> <span class='ocrx_word' id='word_1_90' title='bbox 1554 1104 1613 1152; x_wconf 89' lang='lat' dir='ltr'>de</span> <span class='ocrx_word' id='word_1_91' title='bbox 1638 1104 1742 1168; x_wconf 90' lang='lat' dir='ltr'>ipso</span> 
     </span>
     <span class='ocr_line' id='line_1_13' title="bbox 331 1181 1745 1246; baseline -0.001 -18"><span class='ocrx_word' id='word_1_92' title='bbox 331 1182 389 1228; x_wconf 89' lang='lat' dir='ltr'>ad</span> <span class='ocrx_word' id='word_1_93' title='bbox 429 1182 496 1229; x_wconf 91' lang='lat' dir='ltr'>sui</span> <span class='ocrx_word' id='word_1_94' title='bbox 537 1181 897 1245; x_wconf 87' lang='lat' dir='ltr'>beneplacitum.</span> <span class='ocrx_word' id='word_1_95' title='bbox 938 1181 1081 1230; x_wconf 88' lang='lat' dir='ltr'>Jussit</span> <span class='ocrx_word' id='word_1_96' title='bbox 1118 1198 1231 1246; x_wconf 86' lang='lat' dir='ltr'>ergo</span> <span class='ocrx_word' id='word_1_97' title='bbox 1271 1187 1452 1229; x_wconf 89' lang='lat' dir='ltr'>turrem</span> <span class='ocrx_word' id='word_1_98' title='bbox 1491 1181 1662 1228; x_wconf 88' lang='lat' dir='ltr'>acriter</span> <span class='ocrx_word' id='word_1_99' title='bbox 1699 1186 1745 1228; x_wconf 89' lang='lat' dir='ltr'>et</span> 
     </span>
     <span class='ocr_line' id='line_1_14' title="bbox 332 1257 1744 1323; baseline 0 -18"><span class='ocrx_word' id='word_1_100' title='bbox 332 1258 644 1307; x_wconf 87' lang='lat' dir='ltr'>diversimode</span> <span class='ocrx_word' id='word_1_101' title='bbox 666 1259 912 1323; x_wconf 90' lang='lat' dir='ltr'>inpugnari</span> <span class='ocrx_word' id='word_1_102' title='bbox 935 1276 943 1304; x_wconf 89' lang='lat'><strong>:</strong></span> <span class='ocrx_word' id='word_1_103' title='bbox 970 1259 1048 1322; x_wconf 89' lang='lat' dir='ltr'>qui</span> <span class='ocrx_word' id='word_1_104' title='bbox 1071 1275 1185 1306; x_wconf 86' lang='lat' dir='ltr'>vero</span> <span class='ocrx_word' id='word_1_105' title='bbox 1207 1264 1340 1306; x_wconf 86' lang='lat' dir='ltr'>erant</span> <span class='ocrx_word' id='word_1_106' title='bbox 1360 1258 1496 1316; x_wconf 85' lang='lat' dir='ltr'>infra,</span> <span class='ocrx_word' id='word_1_107' title='bbox 1520 1257 1744 1305; x_wconf 89' lang='lat' dir='ltr'>tollebant</span> 
     </span>
     <span class='ocr_line' id='line_1_15' title="bbox 330 1335 1742 1400; baseline 0.001 -18"><span class='ocrx_word' id='word_1_108' title='bbox 330 1335 508 1399; x_wconf 88' lang='lat' dir='ltr'>lapides</span> <span class='ocrx_word' id='word_1_109' title='bbox 533 1336 591 1383; x_wconf 91' lang='lat' dir='ltr'>de</span> <span class='ocrx_word' id='word_1_110' title='bbox 618 1336 855 1383; x_wconf 78' lang='lat' dir='ltr'>cacumIne</span> <span class='ocrx_word' id='word_1_111' title='bbox 880 1336 1024 1383; x_wconf 91' lang='lat' dir='ltr'>turris</span> <span class='ocrx_word' id='word_1_112' title='bbox 1045 1344 1091 1383; x_wconf 86' lang='lat' dir='ltr'>et</span> <span class='ocrx_word' id='word_1_113' title='bbox 1106 1336 1235 1400; x_wconf 85' lang='lat' dir='ltr'>juxta</span> <span class='ocrx_word' id='word_1_114' title='bbox 1263 1352 1402 1399; x_wconf 89' lang='lat' dir='ltr'>posse</span> <span class='ocrx_word' id='word_1_115' title='bbox 1427 1352 1477 1383; x_wconf 91' lang='lat' dir='ltr'>se</span> <span class='ocrx_word' id='word_1_116' title='bbox 1503 1335 1742 1383; x_wconf 86' lang='lat' dir='ltr'>deffende-</span> 
     </span>
     <span class='ocr_line' id='line_1_16' title="bbox 329 1412 1296 1476; baseline 0 -16"><span class='ocrx_word' id='word_1_117' title='bbox 329 1412 457 1469; x_wconf 85' lang='lat' dir='ltr'>bant,</span> <span class='ocrx_word' id='word_1_118' title='bbox 487 1412 699 1461; x_wconf 85' lang='lat' dir='ltr'>divinum</span> <span class='ocrx_word' id='word_1_119' title='bbox 724 1413 947 1460; x_wconf 87' lang='lat' dir='ltr'>auxilium</span> <span class='ocrx_word' id='word_1_120' title='bbox 972 1413 1296 1476; x_wconf 87' lang='lat' dir='ltr'>implorantes.</span> 
     </span>
    </p>

    <p class='ocr_par' dir='ltr' id='par_1_4' title="bbox 328 1489 1742 1921">
     <span class='ocr_line' id='line_1_17' title="bbox 394 1489 1742 1554; baseline -0.001 -16"><span class='ocrx_word' id='word_1_121' title='bbox 394 1491 602 1552; x_wconf 87' lang='lat' dir='ltr'>Cumque</span> <span class='ocrx_word' id='word_1_122' title='bbox 622 1489 720 1554; x_wconf 88' lang='lat' dir='ltr'>jam</span> <span class='ocrx_word' id='word_1_123' title='bbox 745 1490 950 1537; x_wconf 90' lang='lat' dir='ltr'>hostium</span> <span class='ocrx_word' id='word_1_124' title='bbox 980 1490 1082 1554; x_wconf 71' lang='lat' dir='ltr'>(sic)</span> <span class='ocrx_word' id='word_1_125' title='bbox 1113 1489 1256 1537; x_wconf 89' lang='lat' dir='ltr'>turris</span> <span class='ocrx_word' id='word_1_126' title='bbox 1282 1489 1327 1535; x_wconf 88' lang='lat' dir='ltr'>vi</span> <span class='ocrx_word' id='word_1_127' title='bbox 1350 1489 1594 1537; x_wconf 86' lang='lat' dir='ltr'>Britonum</span> <span class='ocrx_word' id='word_1_128' title='bbox 1621 1489 1742 1536; x_wconf 88' lang='lat' dir='ltr'>frac-</span> 
     </span>
     <span class='ocr_line' id='line_1_18' title="bbox 328 1566 1742 1624; baseline 0 -11"><span class='ocrx_word' id='word_1_129' title='bbox 328 1572 428 1613; x_wconf 91' lang='lat' dir='ltr'>tum</span> <span class='ocrx_word' id='word_1_130' title='bbox 467 1571 611 1624; x_wconf 84' lang='lat' dir='ltr'>esset,</span> <span class='ocrx_word' id='word_1_131' title='bbox 654 1566 886 1614; x_wconf 84' lang='lat' dir='ltr'>exercitus</span> <span class='ocrx_word' id='word_1_132' title='bbox 925 1566 1056 1614; x_wconf 91' lang='lat' dir='ltr'>ducis</span> <span class='ocrx_word' id='word_1_133' title='bbox 1093 1566 1375 1614; x_wconf 90' lang='lat' dir='ltr'>Normannie</span> <span class='ocrx_word' id='word_1_134' title='bbox 1414 1566 1569 1614; x_wconf 89' lang='lat' dir='ltr'>subito</span> <span class='ocrx_word' id='word_1_135' title='bbox 1605 1566 1742 1613; x_wconf 91' lang='lat' dir='ltr'>irruit</span> 
     </span>
     <span class='ocr_line' id='line_1_19' title="bbox 331 1643 1740 1708; baseline 0 -18"><span class='ocrx_word' id='word_1_136' title='bbox 331 1659 473 1706; x_wconf 88' lang='lat' dir='ltr'>super</span> <span class='ocrx_word' id='word_1_137' title='bbox 503 1659 611 1699; x_wconf 85' lang='lat' dir='ltr'>eos;</span> <span class='ocrx_word' id='word_1_138' title='bbox 647 1649 693 1689; x_wconf 85' lang='lat' dir='ltr'>et</span> <span class='ocrx_word' id='word_1_139' title='bbox 727 1659 885 1690; x_wconf 89' lang='lat' dir='ltr'>comes</span> <span class='ocrx_word' id='word_1_140' title='bbox 919 1643 1220 1691; x_wconf 89' lang='lat' dir='ltr'>Montisfortis</span> <span class='ocrx_word' id='word_1_141' title='bbox 1256 1643 1519 1707; x_wconf 88' lang='lat' dir='ltr'>percipiens</span> <span class='ocrx_word' id='word_1_142' title='bbox 1555 1643 1740 1708; x_wconf 90' lang='lat' dir='ltr'>signum</span> 
     </span>
     <span class='ocr_line' id='line_1_20' title="bbox 330 1719 1741 1784; baseline -0.001 -17"><span class='ocrx_word' id='word_1_143' title='bbox 330 1720 461 1768; x_wconf 89' lang='lat' dir='ltr'>ducis</span> <span class='ocrx_word' id='word_1_144' title='bbox 493 1720 797 1777; x_wconf 89' lang='lat' dir='ltr'>Normannie,</span> <span class='ocrx_word' id='word_1_145' title='bbox 835 1720 970 1767; x_wconf 88' lang='lat' dir='ltr'>valde</span> <span class='ocrx_word' id='word_1_146' title='bbox 1006 1721 1308 1783; x_wconf 85' lang='lat' dir='ltr'>perterritus,</span> <span class='ocrx_word' id='word_1_147' title='bbox 1349 1737 1455 1768; x_wconf 89' lang='lat' dir='ltr'>cum</span> <span class='ocrx_word' id='word_1_148' title='bbox 1491 1720 1586 1768; x_wconf 87' lang='lat' dir='ltr'>suis</span> <span class='ocrx_word' id='word_1_149' title='bbox 1623 1719 1741 1784; x_wconf 89' lang='lat' dir='ltr'>fugit</span> 
     </span>
     <span class='ocr_line' id='line_1_21' title="bbox 330 1796 1740 1861; baseline -0.001 -17"><span class='ocrx_word' id='word_1_150' title='bbox 330 1796 453 1860; x_wconf 89' lang='lat' dir='ltr'>apud</span> <span class='ocrx_word' id='word_1_151' title='bbox 474 1797 708 1843; x_wconf 89' lang='lat' dir='ltr'>Nannetis.</span> <span class='ocrx_word' id='word_1_152' title='bbox 733 1797 894 1845; x_wconf 87' lang='lat' dir='ltr'>Franci</span> <span class='ocrx_word' id='word_1_153' title='bbox 915 1814 1102 1860; x_wconf 88' lang='lat' dir='ltr'>quoque</span> <span class='ocrx_word' id='word_1_154' title='bbox 1123 1814 1204 1845; x_wconf 85' lang='lat' dir='ltr'>eos</span> <span class='ocrx_word' id='word_1_155' title='bbox 1227 1797 1544 1861; x_wconf 87' lang='lat' dir='ltr'>insequentes,</span> <span class='ocrx_word' id='word_1_156' title='bbox 1568 1797 1740 1845; x_wconf 88' lang='lat' dir='ltr'>multos</span> 
     </span>
     <span class='ocr_line' id='line_1_22' title="bbox 329 1874 808 1921; baseline 0 0"><span class='ocrx_word' id='word_1_157' title='bbox 329 1890 388 1921; x_wconf 84' lang='lat' dir='ltr'>ex</span> <span class='ocrx_word' id='word_1_158' title='bbox 414 1874 480 1921; x_wconf 90' lang='lat' dir='ltr'>eis</span> <span class='ocrx_word' id='word_1_159' title='bbox 506 1880 808 1921; x_wconf 87' lang='lat' dir='ltr'>necaverunt.</span> 
     </span>
    </p>

    <p class='ocr_par' dir='ltr' id='par_1_5' title="bbox 329 1951 1740 2306">
     <span class='ocr_line' id='line_1_23' title="bbox 394 1951 1740 2011; baseline -0.001 -12"><span class='ocrx_word' id='word_1_160' title='bbox 394 1954 451 1999; x_wconf 90' lang='lat' dir='ltr'>Et</span> <span class='ocrx_word' id='word_1_161' title='bbox 475 1967 581 1998; x_wconf 88' lang='lat' dir='ltr'>cum</span> <span class='ocrx_word' id='word_1_162' title='bbox 613 1967 770 1998; x_wconf 90' lang='lat' dir='ltr'>comes</span> <span class='ocrx_word' id='word_1_163' title='bbox 801 1951 1019 1999; x_wconf 88' lang='lat' dir='ltr'>intrasset</span> <span class='ocrx_word' id='word_1_164' title='bbox 1051 1952 1304 2011; x_wconf 88' lang='lat' dir='ltr'>civitatem,</span> <span class='ocrx_word' id='word_1_165' title='bbox 1333 1952 1495 2000; x_wconf 88' lang='lat' dir='ltr'>Franci</span> <span class='ocrx_word' id='word_1_166' title='bbox 1531 1951 1740 1999; x_wconf 89' lang='lat' dir='ltr'>dolentes</span> 
     </span>
     <span class='ocr_line' id='line_1_24' title="bbox 329 2027 1739 2094; baseline 0.001 -20"><span class='ocrx_word' id='word_1_167' title='bbox 329 2027 437 2091; x_wconf 87' lang='lat' dir='ltr'>quia</span> <span class='ocrx_word' id='word_1_168' title='bbox 472 2044 567 2074; x_wconf 91' lang='lat' dir='ltr'>non</span> <span class='ocrx_word' id='word_1_169' title='bbox 608 2033 826 2090; x_wconf 88' lang='lat' dir='ltr'>poterant</span> <span class='ocrx_word' id='word_1_170' title='bbox 870 2044 977 2075; x_wconf 89' lang='lat' dir='ltr'>eum</span> <span class='ocrx_word' id='word_1_171' title='bbox 1022 2029 1254 2092; x_wconf 80' lang='lat' dir='ltr'>arripere,</span> <span class='ocrx_word' id='word_1_172' title='bbox 1295 2029 1497 2094; x_wconf 83' lang='lat' dir='ltr'>regressi</span> <span class='ocrx_word' id='word_1_173' title='bbox 1536 2034 1645 2077; x_wconf 90' lang='lat' dir='ltr'>sunt</span> <span class='ocrx_word' id='word_1_174' title='bbox 1680 2028 1739 2076; x_wconf 86' lang='lat' dir='ltr'>ad</span> 
     </span>
     <span class='ocr_line' id='line_1_25' title="bbox 329 2104 1739 2170; baseline 0.001 -19"><span class='ocrx_word' id='word_1_175' title='bbox 329 2108 490 2168; x_wconf 85' lang='lat' dir='ltr'>Lymo.</span> <span class='ocrx_word' id='word_1_176' title='bbox 533 2104 756 2152; x_wconf 86' lang='lat' dir='ltr'>Exierunt</span> <span class='ocrx_word' id='word_1_177' title='bbox 795 2111 951 2152; x_wconf 89' lang='lat' dir='ltr'>autem</span> <span class='ocrx_word' id='word_1_178' title='bbox 989 2105 1046 2153; x_wconf 89' lang='lat' dir='ltr'>de</span> <span class='ocrx_word' id='word_1_179' title='bbox 1083 2106 1214 2154; x_wconf 92' lang='lat' dir='ltr'>Limo</span> <span class='ocrx_word' id='word_1_180' title='bbox 1258 2106 1459 2154; x_wconf 86' lang='lat' dir='ltr'>barones</span> <span class='ocrx_word' id='word_1_181' title='bbox 1497 2106 1575 2170; x_wconf 91' lang='lat' dir='ltr'>qui</span> <span class='ocrx_word' id='word_1_182' title='bbox 1615 2105 1739 2153; x_wconf 88' lang='lat' dir='ltr'>intus</span> 
     </span>
     <span class='ocr_line' id='line_1_26' title="bbox 329 2180 1738 2245; baseline 0.001 -17"><span class='ocrx_word' id='word_1_183' title='bbox 329 2186 478 2237; x_wconf 82' lang='lat' dir='ltr'>erant,</span> <span class='ocrx_word' id='word_1_184' title='bbox 500 2197 552 2227; x_wconf 87' lang='lat' dir='ltr'>ac</span> <span class='ocrx_word' id='word_1_185' title='bbox 567 2180 805 2229; x_wconf 85' lang='lat' dir='ltr'>destructo</span> <span class='ocrx_word' id='word_1_186' title='bbox 826 2182 1010 2245; x_wconf 89' lang='lat' dir='ltr'>penitus</span> <span class='ocrx_word' id='word_1_187' title='bbox 1027 2183 1233 2239; x_wconf 87' lang='lat' dir='ltr'>castello,</span> <span class='ocrx_word' id='word_1_188' title='bbox 1254 2183 1431 2231; x_wconf 87' lang='lat' dir='ltr'>reversi</span> <span class='ocrx_word' id='word_1_189' title='bbox 1449 2189 1560 2231; x_wconf 90' lang='lat' dir='ltr'>sunt</span> <span class='ocrx_word' id='word_1_190' title='bbox 1575 2199 1738 2230; x_wconf 88' lang='lat' dir='ltr'>omnes</span> 
     </span>
     <span class='ocr_line' id='line_1_27' title="bbox 330 2256 1068 2306; baseline 0.004 -3"><span class='ocrx_word' id='word_1_191' title='bbox 330 2256 389 2304; x_wconf 85' lang='lat' dir='ltr'>ad</span> <span class='ocrx_word' id='word_1_192' title='bbox 415 2256 706 2306; x_wconf 87' lang='lat' dir='ltr'>obsidionem</span> <span class='ocrx_word' id='word_1_193' title='bbox 732 2258 790 2305; x_wconf 87' lang='lat' dir='ltr'>de</span> <span class='ocrx_word' id='word_1_194' title='bbox 817 2259 1068 2306; x_wconf 84' lang='lat' dir='ltr'>Castousel.</span> 
     </span>
    </p>

    <p class='ocr_par' dir='ltr' id='par_1_6' title="bbox 394 2333 1737 2397">
     <span class='ocr_line' id='line_1_28' title="bbox 394 2333 1737 2397; baseline 0.003 -18"><span class='ocrx_word' id='word_1_195' title='bbox 394 2333 567 2380; x_wconf 81' lang='lat' dir='ltr'>Deinde</span> <span class='ocrx_word' id='word_1_196' title='bbox 593 2340 727 2397; x_wconf 88' lang='lat' dir='ltr'>capta</span> <span class='ocrx_word' id='word_1_197' title='bbox 752 2335 857 2382; x_wconf 89' lang='lat' dir='ltr'>villa</span> <span class='ocrx_word' id='word_1_198' title='bbox 883 2342 928 2383; x_wconf 91' lang='lat' dir='ltr'>et</span> <span class='ocrx_word' id='word_1_199' title='bbox 954 2336 1189 2394; x_wconf 87' lang='lat' dir='ltr'>castello¹,</span> <span class='ocrx_word' id='word_1_200' title='bbox 1219 2336 1315 2385; x_wconf 88' lang='lat' dir='ltr'>dux</span> <span class='ocrx_word' id='word_1_201' title='bbox 1349 2353 1455 2385; x_wconf 91' lang='lat' dir='ltr'>cum</span> <span class='ocrx_word' id='word_1_202' title='bbox 1490 2353 1574 2385; x_wconf 91' lang='lat' dir='ltr'>suo</span> <span class='ocrx_word' id='word_1_203' title='bbox 1600 2352 1737 2385; x_wconf 86' lang='lat' dir='ltr'>exer-</span> 
     </span>
    </p>
   </div>
   <div class='ocr_carea' id='block_1_3' title="bbox 329 2503 1734 2784">
    <p class='ocr_par' dir='ltr' id='par_1_7' title="bbox 329 2503 1734 2784">
     <span class='ocr_line' id='line_1_29' title="bbox 379 2503 1734 2552; baseline 0.001 -13"><span class='ocrx_word' id='word_1_204' title='bbox 379 2505 410 2539; x_wconf 85' lang='lat'>1.</span> <span class='ocrx_word' id='word_1_205' title='bbox 430 2503 503 2538; x_wconf 82' lang='lat' dir='ltr'>J’ai</span> <span class='ocrx_word' id='word_1_206' title='bbox 525 2504 676 2538; x_wconf 69' lang='lat' dir='ltr'>montro</span> <span class='ocrx_word' id='word_1_207' title='bbox 697 2504 780 2549; x_wconf 78' lang='lat' dir='ltr'>plus</span> <span class='ocrx_word' id='word_1_208' title='bbox 802 2505 896 2541; x_wconf 81' lang='lat' dir='ltr'>haut</span> <span class='ocrx_word' id='word_1_209' title='bbox 918 2508 965 2551; x_wconf 78' lang='lat' dir='ltr'>(p.</span> <span class='ocrx_word' id='word_1_210' title='bbox 995 2505 1072 2552; x_wconf 78' lang='lat'>187,</span> <span class='ocrx_word' id='word_1_211' title='bbox 1091 2510 1181 2542; x_wconf 86' lang='lat' dir='ltr'>note</span> <span class='ocrx_word' id='word_1_212' title='bbox 1196 2505 1232 2551; x_wconf 72' lang='lat'>⁶2)</span> <span class='ocrx_word' id='word_1_213' title='bbox 1250 2505 1339 2552; x_wconf 86' lang='lat' dir='ltr'>qu&#39;il</span> <span class='ocrx_word' id='word_1_214' title='bbox 1356 2505 1475 2541; x_wconf 76' lang='lat' dir='ltr'>fall-ait</span> <span class='ocrx_word' id='word_1_215' title='bbox 1491 2516 1563 2552; x_wconf 89' lang='lat' dir='ltr'>que</span> <span class='ocrx_word' id='word_1_216' title='bbox 1585 2505 1621 2541; x_wconf 82' lang='lat' dir='ltr'>la</span> <span class='ocrx_word' id='word_1_217' title='bbox 1635 2505 1734 2552; x_wconf 79' lang='lat' dir='ltr'>prise</span> 
     </span>
     <span class='ocr_line' id='line_1_30' title="bbox 329 2561 1733 2609; baseline 0.002 -14"><span class='ocrx_word' id='word_1_218' title='bbox 329 2561 374 2597; x_wconf 83' lang='lat' dir='ltr'>do</span> <span class='ocrx_word' id='word_1_219' title='bbox 396 2561 691 2597; x_wconf 67' lang='lat' dir='ltr'>Chatteaucoaux</span> <span class='ocrx_word' id='word_1_220' title='bbox 723 2562 777 2598; x_wconf 76' lang='lat' dir='ltr'>fut</span> <span class='ocrx_word' id='word_1_221' title='bbox 803 2564 1040 2609; x_wconf 65' lang='lat' dir='ltr'>postorieure</span> <span class='ocrx_word' id='word_1_222' title='bbox 1063 2575 1111 2600; x_wconf 82' lang='lat' dir='ltr'>au</span> <span class='ocrx_word' id='word_1_223' title='bbox 1139 2566 1189 2599; x_wconf 75' lang='lat'>1⁰¹·</span> <span class='ocrx_word' id='word_1_224' title='bbox 1210 2564 1419 2600; x_wconf 79' lang='lat' dir='ltr'>novembre</span> <span class='ocrx_word' id='word_1_225' title='bbox 1451 2564 1552 2601; x_wconf 80' lang='lat'><strong>1341.</strong></span> <span class='ocrx_word' id='word_1_226' title='bbox 1583 2564 1635 2599; x_wconf 89' lang='lat' dir='ltr'>Le</span> <span class='ocrx_word' id='word_1_227' title='bbox 1662 2563 1733 2599; x_wconf 90' lang='lat' dir='ltr'>duc</span> 
     </span>
     <span class='ocr_line' id='line_1_31' title="bbox 330 2620 1733 2670; baseline 0.001 -15"><span class='ocrx_word' id='word_1_228' title='bbox 330 2620 374 2656; x_wconf 82' lang='lat' dir='ltr'>de</span> <span class='ocrx_word' id='word_1_229' title='bbox 394 2620 631 2657; x_wconf 86' lang='lat' dir='ltr'>Normandie</span> <span class='ocrx_word' id='word_1_230' title='bbox 653 2631 677 2666; x_wconf 84' lang='lat' dir='ltr'>y</span> <span class='ocrx_word' id='word_1_231' title='bbox 698 2620 767 2655; x_wconf 82' lang='lat' dir='ltr'>mit</span> <span class='ocrx_word' id='word_1_232' title='bbox 789 2622 972 2667; x_wconf 76' lang='lat' dir='ltr'>garnison</span> <span class='ocrx_word' id='word_1_233' title='bbox 998 2638 1003 2657; x_wconf 89' lang='lat'>:</span> <span class='ocrx_word' id='word_1_234' title='bbox 1030 2636 1044 2656; x_wconf 85' lang='lat'>«</span> <span class='ocrx_word' id='word_1_235' title='bbox 1068 2624 1269 2660; x_wconf 80' lang='lat' dir='ltr'>Johannes</span> <span class='ocrx_word' id='word_1_236' title='bbox 1284 2623 1329 2660; x_wconf 90' lang='lat' dir='ltr'>de</span> <span class='ocrx_word' id='word_1_237' title='bbox 1343 2623 1548 2670; x_wconf 74' lang='lat' dir='ltr'>Hospitali,</span> <span class='ocrx_word' id='word_1_238' title='bbox 1571 2622 1733 2659; x_wconf 81' lang='lat' dir='ltr'>clericus</span> 
     </span>
     <span class='ocr_line' id='line_1_32' title="bbox 334 2678 1731 2727; baseline 0.002 -14"><span class='ocrx_word' id='word_1_239' title='bbox 334 2695 348 2713; x_wconf 73' lang='grc' dir='ltr'>(ι</span> <span class='ocrx_word' id='word_1_240' title='bbox 371 2679 653 2715; x_wconf 75' lang='lat' dir='ltr'>balistariorum</span> <span class='ocrx_word' id='word_1_241' title='bbox 676 2678 820 2725; x_wconf 79' lang='lat' dir='ltr'>regis...</span> <span class='ocrx_word' id='word_1_242' title='bbox 845 2680 1049 2718; x_wconf 87' lang='lat' dir='ltr'>Dominico</span> <span class='ocrx_word' id='word_1_243' title='bbox 1076 2682 1120 2718; x_wconf 87' lang='lat' dir='ltr'>de</span> <span class='ocrx_word' id='word_1_244' title='bbox 1148 2682 1303 2719; x_wconf 78' lang='lat' dir='ltr'>Palacio</span> <span class='ocrx_word' id='word_1_245' title='bbox 1323 2681 1528 2725; x_wconf 79' lang='lat' dir='ltr'>Januensi,</span> <span class='ocrx_word' id='word_1_246' title='bbox 1550 2691 1616 2727; x_wconf 86' lang='lat' dir='ltr'>pro</span> <span class='ocrx_word' id='word_1_247' title='bbox 1638 2681 1731 2717; x_wconf 72' lang='lat' dir='ltr'>resi-</span> 
     </span>
     <span class='ocr_line' id='line_1_33' title="bbox 335 2737 1731 2784; baseline 0.002 -12"><span class='ocrx_word' id='word_1_248' title='bbox 335 2751 350 2772; x_wconf 92' lang='lat'>«</span> <span class='ocrx_word' id='word_1_249' title='bbox 373 2737 445 2773; x_wconf 83' lang='lat' dir='ltr'>duo</span> <span class='ocrx_word' id='word_1_250' title='bbox 468 2737 667 2774; x_wconf 80' lang='lat' dir='ltr'>vadiorum</span> <span class='ocrx_word' id='word_1_251' title='bbox 689 2747 846 2772; x_wconf 83' lang='lat' dir='ltr'>suorum</span> <span class='ocrx_word' id='word_1_252' title='bbox 867 2744 904 2773; x_wconf 75' lang='lat' dir='ltr'>ot</span> <span class='ocrx_word' id='word_1_253' title='bbox 924 2739 1210 2777; x_wconf 78' lang='lat' dir='ltr'>balistariorum</span> <span class='ocrx_word' id='word_1_254' title='bbox 1231 2741 1276 2777; x_wconf 86' lang='lat' dir='ltr'>de</span> <span class='ocrx_word' id='word_1_255' title='bbox 1299 2751 1367 2777; x_wconf 79' lang='lat' dir='ltr'>sua</span> <span class='ocrx_word' id='word_1_256' title='bbox 1389 2740 1584 2784; x_wconf 75' lang='lat' dir='ltr'>comitiva,</span> <span class='ocrx_word' id='word_1_257' title='bbox 1606 2739 1731 2777; x_wconf 76' lang='lat' dir='ltr'>deser-</span> 
     </span>
    </p>
   </div>
  </div>
 </body>
</html>
