1923 3358
86 257 192 306 1340]
365 262 736 296 CHRONOGRAPHIA
762 262 915 296 REGUM
940 263 1219 297 FRANCORUM.
1424 260 1487 297 111

90 361 110 387 α
142 357 280 405 peres
301 347 347 389 et
371 341 559 399 modici,
582 343 799 390 volumus
821 343 1040 391 eumdem
1052 343 1216 408 juvare
1240 343 1300 391 ad
1327 359 1494 390 manu-

89 438 109 462 «
141 418 393 466 tenendam
413 436 634 484 guerram
651 437 782 467 suam
801 426 962 468 contra
979 420 1156 468 dictum
1171 436 1332 485 regem
1351 424 1493 468 Fran-

89 515 110 540 «
141 496 210 543 cie
247 501 293 544 et
328 497 417 544 sibi
460 497 686 544 faventes.
727 501 783 545 Et
821 496 1135 545 mediantibus
1175 497 1263 545 hiis
1305 497 1489 555 litteris,

88 591 110 617 α
134 573 352 621 volumus
379 573 631 622 observare
652 573 881 620 honorem
900 579 1132 622 nostrum.
1155 578 1206 622 In
1222 574 1493 623 testimonio

88 668 108 694 <t
141 650 399 715 sigillorum
440 658 736 707 nostrorum,
780 649 943 698 datum
982 649 1108 714 apud
1146 651 1310 701 Villam
1353 654 1496 700 Soua-

86 745 108 771 α
140 727 275 774 nam1
303 727 350 774 in
376 726 553 774 octavis
575 726 797 774 Pasche2.
830 745 850 771 ›>

149 803 552 853 Conestabularius
584 803 758 866 itaque,
789 803 990 867 receptis
1025 803 1208 862 litteris,
1238 805 1497 854 transmisit

84 898 163 929 eas
196 881 341 946 regiss.
371 884 475 929 Dux
506 885 663 929 autem
694 881 976 929 Normannie
1009 898 1117 930 cum
1148 882 1357 930 exercitu
1390 900 1493 941 sue,

82 958 128 1005 in
162 974 257 1021 quo
288 962 423 1006 erant
453 957 586 1022 quasi
617 966 772 1008 xxvque
801 958 926 1005 milia
958 959 1202 1006 hominum
1237 975 1495 1017 armorum,

82 1040 222 1097 atque
266 1051 455 1098 semper
494 1035 718 1100 augebat,
766 1035 881 1083 abiit
922 1036 981 1084 ad
1019 1036 1177 1084 villam
1222 1036 1404 1085 Castelli
1452 1036 1497 1083 in

82 1112 452 1170 Cameracesioss,
494 1112 573 1161 ubi
614 1119 971 1162 castrametatus
1013 1119 1084 1162 est
1126 1132 1135 1161 :
1180 1120 1332 1162 castra
1373 1113 1497 1161 enim

81 1206 132 1237 se
176 1190 492 1238 extendebant
535 1207 683 1255 usque
724 1190 783 1239 ad
820 1190 1075 1255 quamdam
1112 1191 1270 1239 villam
1307 1191 1496 1239 nomine

80 1266 314 1330 Montay5.

145 1348 198 1392 In
223 1360 315 1408 qua
336 1343 445 1391 villa
471 1349 606 1392 erant
631 1344 767 1392 locati
794 1345 887 1393 duo
914 1345 1084 1392 milites
1111 1345 1171 1393 de
1190 1345 1491 1402 Normannia,

81 1422 254 1470 scilicet
273 1425 438 1469 Petrus
455 1421 513 1469 de
533 1422 749 1470 Bailleuoe
769 1428 814 1470 et
835 1422 1104 1471 Guillelmus
1125 1422 1184 1470 de
1206 1423 1248 1469 le
1267 1422 1468 1470 Breaute'
1479 1422 1495 1451 ‘⁵

81 1504 126 1546 et
170 1499 303 1563 quasi
346 1504 558 1557 centum,
604 1505 701 1546 tam
743 1499 914 1547 milites
959 1515 1102 1563 quam
1145 1498 1238 1547 alii.
1286 1501 1496 1557 Quorum

130 1630 160 1666 1.
185 1628 535 1677 Ville-sur-Haine,
557 1639 606 1666 en
626 1628 830 1677 Belgique‚
858 1629 1043 1677 province
1069 1628 1115 1666 de
1137 1628 1326 1676 Hainaut,
1356 1640 1493 1666 arron-

80 1688 294 1726 dissement
316 1688 361 1725 de
383 1689 510 1725 Mons.

126 1748 161 1785 2.
186 1748 269 1785 Soit
289 1749 324 1785 le
344 1748 388 1785 23
410 1749 510 1786 avril
533 1749 636 1786 1340.
657 1748 715 1785 Cf.
739 1750 853 1785 Istore
873 1753 905 1785 et
925 1750 1117 1795 croniques
1138 1749 1180 1784 de
1199 1749 1388 1793 Mandros,
1414 1752 1442 1784 t.
1459 1747 1494 1795 Ι,

128 1867 162 1904 3.
184 1867 246 1903 En
270 1867 399 1904 meme
424 1871 564 1914 temps,
591 1867 619 1903 il
645 1878 685 1904 se
711 1867 754 1904 fit
776 1858 1008 1915 ‘renseigner
1027 1871 1274 1904 exactement
1304 1877 1370 1903 sur
1390 1866 1495 1903 l’etat

81 1926 148 1963 des
181 1926 306 1963 forces
339 1926 384 1963 de
418 1937 482 1963 ees
513 1937 776 1974 personnages
809 1940 816 1962 1
848 1940 865 1960 «
893 1926 930 1962 A
957 1926 1132 1963 Watelet
1164 1926 1210 1962 de
1237 1925 1415 1972 Limoze‚
1445 1936 1495 1962 en

83 1999 100 2019 «
124 1984 288 2022 amende
309 1984 400 2021 d‘un
421 1986 559 2022 roncin
580 1985 671 2033 qu'il
691 1985 815 2033 perdit
836 1996 885 2022 en
907 1985 1014 2021 alant
1034 1985 1056 2021 ὁ.
1077 1985 1290 2021 l'eneontre
1311 1984 1378 2021 des
1397 1983 1494 2021 Ale-

83 2058 100 2079 «
123 2056 251 2091 manz,
284 2045 458 2081 assavoir
484 2045 569 2081 leur
595 2050 695 2082 estat
725 2050 763 2082 et
791 2045 876 2082 leur
901 2055 1066 2092 eovyne,
1093 2056 1147 2080 un
1179 2043 1318 2080 ronein
1352 2043 1440 2079 hart
1474 2043 1496 2078 a

84 2117 100 2138 «
125 2104 295 2151 Vervin,
322 2115 391 2151 par
410 2104 523 2141 lettre
551 2104 702 2141 donnee
731 2105 768 2141 le
793 2103 962 2152 premier
985 2104 1074 2151 jour
1099 2103 1145 2140 de
1170 2114 1262 2150 may
1286 2103 1363 2139 l’an
1390 2114 1450 2139 XL.
1478 2116 1494 2136 »

81 2163 197 2207 (Bibl.
220 2168 317 2209 nat.,
339 2163 449 2199 fonds
470 2163 591 2213 frene.
614 2163 748 2210 25996,
769 2163 878 2211 piece
900 2164 1002 2205 242.)

129 2223 162 2258 4.
186 2222 239 2258 Le
267 2222 427 2269 Cateau,
449 2222 570 2270 Nord,
598 2223 931 2259 arrondissement
953 2221 998 2257 de
1020 2220 1215 2268 Cambrai,
1239 2221 1426 2258 chef-lieu
1448 2220 1494 2258 de

81 2286 239 2318 canton.
259 2295 275 2315 «
296 2281 345 2317 Et
366 2282 401 2318 le
422 2281 629 2319 dimanohe
649 2287 767 2319 avant
788 2280 1053 2327 l’Aseencion,
1076 2281 1110 2317 le
1132 2280 1220 2328 Roy
1234 2280 1280 2317 de
1300 2281 1492 2326 Navarra,

84 2354 98 2375 ι(
121 2342 157 2378 le
183 2341 257 2377 due
283 2340 328 2377 de
350 2341 602 2388 Normandie,
631 2341 666 2377 le
694 2346 807 2378 conte
835 2341 1054 2388 d'Alentgon
1080 2340 1271 2387 partirent
1297 2340 1342 2376 de
1364 2340 1494 2376 Castel

84 2413 98 2434 «
123 2411 172 2436 en
199 2400 438 2447 Chambresy
458 2406 495 2436 et
521 2405 721 2437 entrerent
748 2411 797 2436 en
823 2399 1024 2436 Hennault
1050 2403 1088 2435 et
1116 2399 1288 2435 ardirent
1316 2399 1338 2435 ἐι
1360 2399 1494 2436 dextre

84 2473 100 2492 «
123 2465 160 2496 et
181 2459 203 2495 a
224 2464 444 2495 senestre...
469 2473 485 2492 »
511 2459 624 2505 (Bibl.
647 2465 745 2505 nat.,
768 2458 877 2495 fonds
906 2459 1028 2507 trano.
1059 2458 1164 2505 2598,
1194 2458 1257 2495 fol.
1289 2459 1329 2494 51
1355 2460 1417 2505 r0.)
1441 2458 1496 2494 La

81 2517 169 2554 date
189 2518 339 2555 donnee
359 2529 427 2565 par
447 2522 549 2555 cette
570 2518 782 2566 chronique
805 2517 1038 2564 correspond
1059 2528 1108 2553 au
1128 2518 1170 2554 21
1195 2517 1274 2554 mai
1296 2517 1401 2554 1340.

130 2580 163 2615 5.
188 2578 362 2625 Montay,
395 2577 520 2623 Nord,
561 2577 894 2613 arrondissement
932 2576 977 2613 de
1017 2576 1218 2624 Cambrai,
1259 2581 1403 2613 canton
1444 2576 1494 2612 du

83 2637 226 2674 Cateau
247 2637 466 2684 (Froissart,
489 2636 548 2673 ed.
569 2637 688 2682 Luce,
710 2641 738 2672 t.
761 2636 813 2681 Π,
834 2647 871 2683 p.
895 2636 945 2683 9).

131 2696 165 2733 6.
185 2696 218 2732 11
239 2696 350 2744 s’agit
372 2696 417 2732 de
438 2695 571 2733 Pierre
598 2695 643 2732 de
669 2695 836 2732 Bailleul
860 2700 898 2732 et
925 2695 971 2733 de
998 2695 1221 2732 Guillaume
1249 2695 1295 2732 de
1323 2694 1494 2732 Breaute

85 2765 131 2791 ou
153 2755 198 2792 de
222 2756 376 2793 Briaute
400 2755 617 2802 (Froissam
639 2755 698 2792 ed.
723 2756 840 2802 Luce,
863 2760 889 2792 t.
912 2755 964 2803 ΙΙ,
986 2766 1022 2802 p.
1045 2767 1096 2804 v1,
1119 2761 1209 2792 note
1231 2754 1280 2801 6).
