1923 3358
154 271 259 318 1339]
432 274 802 308 CHRONOGRAPfflA
830 276 982 308 REGUM
1007 275 1286 309 FRANCORUM.
1516 274 1557 309 67

152 354 280 417 quod
311 354 390 402 vix
420 356 526 403 inde
561 356 787 419 deceptus
818 362 906 403 est.
942 360 1054 403 Nam
1091 373 1173 404 rex
1206 356 1368 420 Anglie
1399 372 1559 404 semen

148 431 404 479 verborum
436 433 608 495 sparsit
639 433 811 497 ubique
842 433 969 496 quod
1003 433 1102 496 ipse
1133 434 1197 480 ita
1227 450 1407 497 pauper
1437 440 1561 481 esset

149 509 276 572 quod
304 526 396 557 non
430 516 591 573 posset
623 510 846 574 prosequi
878 510 1052 557 factum
1078 526 1231 557 suum.
1261 510 1397 558 Dedit
1421 510 1560 558 etiam

147 584 248 649 regi
270 585 462 633 Francie
488 585 744 649 intelligere
771 585 898 648 quod
925 590 1103 633 secrete
1128 602 1178 632 se
1204 586 1483 650 disponebat
1501 587 1560 635 ad

148 661 440 710 redeundum
464 661 509 708 in
537 661 775 725 Angliam3
805 667 851 709 et
880 662 965 709 hac
996 661 1054 709 de
1085 679 1222 710 causa
1253 679 1339 710 rex
1370 662 1560 711 Francie

145 730 401 786 retardavit
427 738 697 786 mandatum
725 755 861 787 suum
887 739 1041 787 nimis.

210 819 356 863 Porro
383 815 561 880 Anglici
595 832 644 863 se
677 816 902 864 miserant
935 816 981 863 in
1014 832 1142 863 mare
1169 821 1220 864 ut
1246 821 1402 863 essent
1433 816 1558 880 apud

143 891 398 939 Lovanium
422 891 481 938 ad
509 892 741 956 prefatum
768 908 929 957 regem
957 909 1094 940 suum
1119 891 1241 940 dicta
1265 892 1357 949 die,
1383 897 1428 939 et
1453 908 1558 940 cum

143 967 432 1032 navigarent,
459 984 548 1015 una
568 968 627 1016 de
648 968 834 1016 aciebus
853 985 1017 1016 eorum
1044 968 1265 1032 applicuit
1288 967 1345 1015 ad
1367 973 1557 1031 portum

143 1045 429 1109 Tresporti¹3
452 1045 525 1092 hic
548 1046 634 1093 fuit
657 1063 813 1094 comes
836 1046 1131 1094 Herbicensis
1152 1051 1198 1092 et
1219 1044 1437 1092 dominus
1456 1045 1557 1092 Bel-

140 1121 327 1186 licampi
353 1139 461 1170 cum
485 1139 541 1170 eo
567 1123 665 1186 qui,
697 1123 915 1171 omnibus
941 1123 1114 1170 ibidem
1141 1122 1350 1186 predatis
1369 1127 1416 1169 et
1436 1121 1558 1169 occi-

140 1197 222 1256 sis,
262 1215 355 1246 non
395 1199 546 1246 solum
584 1199 741 1246 villam
779 1206 825 1247 et
856 1205 1047 1264 portum
1080 1199 1438 1256 succenderunt,
1475 1198 1557 1246 sed

141 1291 330 1323 omnem
355 1276 553 1339 patriam
579 1276 626 1323 in
653 1276 851 1324 circuitu
884 1276 1156 1341 depopulati
1182 1282 1288 1324 sunt
1318 1294 1327 1323 :
1358 1292 1444 1340 per
1469 1275 1557 1323 hoc

141 1350 264 1397 enim
297 1351 398 1414 ipse
427 1368 584 1399 comes
610 1357 772 1399 votum
803 1369 939 1400 suum
970 1353 1095 1416 quod
1127 1358 1324 1401 voverat
1349 1351 1556 1416 comple-

139 1426 225 1485 vit,
255 1428 362 1491 quia
394 1429 575 1492 primus
601 1430 901 1494 Anglicorum
933 1431 977 1478 in
1011 1448 1157 1496 regno
1189 1431 1380 1478 Francie
1409 1431 1555 1478 hosti-

139 1503 244 1551 liter
283 1504 439 1570 ignem
476 1506 692 1564 immisit,
734 1507 1020 1571 cedibusque
1058 1515 1104 1555 et
1143 1507 1305 1572 predis
1350 1512 1554 1556 Francos

139 1580 321 1628 afflixit.

204 1658 446 1707 Comitissa
482 1676 598 1708 vero
633 1660 779 1725 Augi²
818 1667 864 1708 et
902 1660 1105 1724 quedam
1145 1661 1238 1708 filia
1279 1661 1377 1725 ejus
1418 1667 1554 1724 capte

137 1734 331 1782 fuissent
367 1736 413 1782 in
451 1742 581 1783 turre
621 1737 788 1800 Parqui
830 1736 908 1784 ubi
948 1742 1203 1784 trementes
1242 1737 1550 1801 auffugerant,

136 1811 223 1859 nisi
244 1829 404 1861 earum
429 1813 743 1862 cambellanus
769 1814 998 1879 coegisset
1024 1831 1102 1862 eas
1127 1831 1275 1878 equos
1301 1813 1554 1862 ascendere

136 1983 272 2020 scelles
299 1983 344 2020 de
369 1984 662 2031 Clairambault,
692 1985 766 2022 vol.
796 1985 854 2031 5⁵2,
884 1985 948 2022 fol.
971 1985 1091 2031 3959.)
1122 1986 1175 2021 Le
1203 1984 1479 2022 continuateur
1504 1985 1548 2021 de

136 2042 356 2080 Guillaume
384 2043 428 2080 de
455 2044 603 2092 Nangis
633 2044 702 2087 dit,
730 2055 778 2081 en
811 2045 914 2091 effet,
942 2056 1015 2092 que
1050 2045 1223 2092 philippe
1255 2044 1308 2079 VI
1337 2044 1463 2080 reunit
1491 2055 1552 2080 ses

135 2106 291 2149 troupes
320 2103 342 2139 a
371 2103 674 2148 Saint-Quentin
707 2105 744 2149 (t.
774 2105 825 2150 II,
852 2116 888 2151 p.
919 2105 1013 2143 1631.
1041 2124 1087 2131 —
1112 2104 1186 2139 Les
1213 2105 1416 2139 Anciennes
1444 2105 1550 2139 chro-

134 2164 263 2207 niques
283 2164 323 2198 de
342 2165 501 2199 Flandre
523 2165 647 2210 (Istore
668 2168 700 2199 et
721 2166 912 2209 croniques
930 2165 971 2199 dc
991 2164 1178 2207 Flandres,
1198 2168 1224 2198 t.
1242 2162 1275 2208 I,
1291 2174 1326 2209 p.
1345 2163 1425 2210 374)
1442 2163 1550 2199 n'ont

136 2221 330 2268 reproduit
359 2234 430 2269 que
462 2234 504 2259 ce
534 2224 774 2270 paragraphe
804 2223 849 2259 de
879 2229 989 2259 notre
1021 2222 1249 2270 chronique,
1280 2227 1437 2258 sautent
1467 2227 1550 2258 tout

134 2279 315 2327 l’episode
337 2280 386 2316 du
407 2281 569 2328 Treport
590 2287 627 2318 et
654 2282 839 2329 abregent
860 2282 897 2317 la
918 2282 1016 2318 suite
1043 2282 1088 2318 de
1115 2282 1205 2318 telle
1234 2281 1346 2330 facon
1370 2292 1442 2329 que
1467 2281 1551 2317 leur

135 2338 229 2374 recit
251 2339 406 2375 devient
428 2341 727 2387 completement
748 2341 927 2377 informe.

184 2399 215 2433 1.
238 2397 291 2434 Le
324 2398 505 2445 Treport,
538 2399 912 2446 Seine-Inferieure,
945 2399 1276 2437 arrondissement
1306 2401 1351 2437 de
1384 2400 1548 2447 Dieppe‚

135 2462 279 2493 canton
299 2456 407 2492 d’Eu.
431 2457 607 2494 Mention
629 2463 686 2494 est
708 2458 810 2503 faite,
835 2470 883 2494 en
910 2464 1054 2495 termes
1080 2460 1158 2496 tres
1178 2459 1297 2505 hrefs,
1318 2460 1364 2496 de
1386 2469 1428 2496 ce
1451 2470 1547 2505 coup

134 2515 179 2552 de
194 2516 300 2552 main
317 2527 387 2563 par
403 2517 435 2552 le
452 2517 728 2554 continuateur
748 2517 792 2553 de
814 2518 1034 2555 Guillaume
1054 2518 1099 2555 de
1120 2519 1269 2566 Nangis
1287 2521 1325 2564 (t.
1342 2518 1395 2565 ΙΙ,
1411 2529 1444 2564 p.
1465 2517 1544 2565 163)

135 2573 157 2610 ὲ,
177 2574 329 2611 l’annee
353 2575 456 2612 1339.

179 2634 214 2671 2.
239 2634 380 2680 Raoul,
397 2640 522 2672 comte
538 2635 632 2671 d'Eu
649 2640 685 2671 et
701 2635 746 2671 de
762 2635 921 2681 Guines,
942 2637 1043 2673 avait
1064 2638 1203 2684 epouse
1219 2648 1267 2673 en
1284 2636 1374 2673 4319
1392 2636 1544 2671 Jeanne

134 2692 179 2729 de
195 2693 325 2740 Mello,
341 2694 434 2731 dont
455 2694 481 2730 il
501 2700 567 2731 eut
587 2706 639 2731 un
663 2695 722 2730 fils
743 2695 807 2741 qui
829 2695 881 2731 lui
903 2696 1067 2732 succeda
1087 2702 1124 2733 et
1145 2696 1243 2733 deux
1266 2695 1544 2741 filles,Jea11ne

135 2757 172 2789 et
193 2752 327 2790 Marie.
1296 2771 1299 2773 ·
