1923 3358
66 287 170 334 1340]
341 290 712 324 CHRONOGRAPHIA
738 292 890 323 REGUM
915 290 1194 323 FRANCORUM.
1398 285 1463 322 Mt]

64 377 110 418 et
134 369 306 417 castelli
330 369 669 426 combustione,
693 369 966 416 convocavit
992 369 1234 416 consilium
1257 385 1312 415 an
1341 367 1466 415 obsi-

63 447 196 495 deret
225 447 462 494 castellum
494 447 552 494 de
580 446 811 494 Bouchain
836 447 882 492 in
907 448 1234 503 Austrevanto,
1263 462 1321 492 an
1348 444 1467 493 divi-

62 524 195 571 deret
224 523 481 570 exercitum
508 538 661 569 suum.
689 522 874 569 Consilii
903 537 1104 584 namque
1134 521 1466 569 deliberatione

61 601 274 647 hortatus
299 605 370 646 est
394 599 441 644 in
466 598 705 644 Franciam
731 597 885 644 redire
905 602 951 644 et
976 597 1103 659 quod
1130 597 1334 644 mitteret
1362 613 1468 661 gar-

63 677 266 724 nisiones
298 675 344 722 in
376 673 711 721 munitionibus
742 672 819 720 ubi
848 678 997 729 erant,
1022 690 1202 720 necnon
1229 674 1469 721 festinaret

64 753 300 817 navigium
325 767 461 799 suum
487 750 547 797 ad
574 749 858 797 obviandum
884 749 984 813 regi
1010 749 1173 813 Anglie
1192 766 1465 813 preparare,

62 830 142 894 qui
168 829 225 877 ad
251 833 442 892 portum
468 827 641 884 Scluze,
666 833 718 874 ut
741 826 940 874 relatum
965 826 1053 873 sibi
1076 827 1242 883 fuerat,
1268 827 1469 875 debebat

65 904 345 971 applicare1.

126 986 325 1045 Moxque
361 997 467 1029 cum
505 981 714 1028 exercitu
750 980 878 1027 venit
914 980 1233 1036 Attrebatum,
1273 997 1326 1027 ac
1362 980 1469 1027 inde

62 1059 187 1107 misit
208 1059 379 1106 multos
399 1057 601 1105 barones
620 1061 879 1105 Tornacum
904 1057 961 1104 ad
991 1060 1208 1105 Sanctum
1235 1057 1471 1105 Audoma-

61 1153 184 1193 rum,
213 1136 407 1191 Insulas,
431 1138 655 1190 Duacum,
685 1133 744 1181 ad
769 1133 1099 1182 custodiendos
1122 1150 1314 1197 passus,
1344 1134 1470 1181 misit

62 1213 201 1261 etiam
225 1213 393 1260 ducem
413 1212 700 1260 Athenarum
722 1216 766 1258 et
788 1211 1110 1259 vicecomitem
1129 1212 1470 1258 Thoarcensem

62 1307 169 1338 cum
212 1289 307 1354 iiijffl‘
344 1288 532 1336 milibus
568 1288 705 1345 viris,
751 1288 807 1335 ad
853 1288 1222 1336 comburendam
1269 1287 1470 1351 patriam

63 1366 297 1423 Hanonie3
339 1366 415 1428 qui
461 1366 684 1412 abeuntes
722 1364 1082 1412 combusserunt
1119 1367 1386 1429 Bavayum2
1426 1370 1472 1411 et

64 1443 262 1507 patriam
294 1458 381 1505 per
405 1442 582 1505 girum,
620 1457 768 1503 usque
801 1441 860 1488 ad
893 1440 1222 1495 Malbodium3,
1257 1457 1310 1487 ac
1342 1446 1470 1503 post-

65 1520 257 1568 modum
282 1524 592 1575 recesserunt,
623 1517 843 1580 quoniam
870 1534 954 1564 rex
981 1517 1338 1565 remandaverat
1368 1534 1466 1574 eos,

64 1596 283 1662 precibus
321 1595 498 1643 sororis
536 1611 640 1651 sue,
677 1594 840 1641 matris
879 1594 987 1641 dicti
1025 1594 1208 1641 comitis
1239 1594 1466 1651 Hanonie,

64 1691 154 1738 que
180 1679 288 1737 post
312 1678 512 1719 mortem
532 1671 686 1718 mariti
708 1672 777 1718 sui
799 1677 1115 1734 assumpserat
1135 1671 1345 1718 habitum
1365 1671 1472 1718 reli-

64 1751 214 1816 gionis
239 1750 286 1797 in
311 1749 502 1797 abbacia
528 1749 586 1796 de
618 1748 912 1805 Fontenellis‚
942 1747 1123 1795 ordinis
1155 1747 1471 1795 Cisterciensis

64 1833 111 1875 et
136 1834 236 1875 erat
261 1826 498 1874 abbatissa
524 1825 644 1873 illius
670 1825 808 1872 loci4.

130 1905 326 1963 Quidam
358 1920 472 1951 vero
505 1903 665 1951 dicunt
693 1902 837 1966 quod,
880 1919 986 1949 cum
1020 1902 1294 1949 castellanus
1325 1901 1471 1949 Thuni

66 1981 358 2045 conspiceret
372 1997 421 2028 se
434 1979 732 2027 validissimis
747 1979 1131 2042 oppressionibus
1145 1985 1468 2042 aggravatum,

66 2058 256 2106 intravit
281 2057 534 2121 quamdam
560 2073 727 2104 navem
754 2073 860 2104 cum
887 2056 1153 2103 hominibus
1180 2055 1292 2111 suis,
1317 2056 1471 2118 posito

66 2137 173 2201 igne
212 2135 260 2181 in
297 2134 484 2182 castello
521 2139 569 2181 et
604 2133 716 2181 abiit
752 2150 859 2181 cum
891 2132 1085 2180 inimicis
1121 2132 1262 2196 regis.
1296 2135 1353 2179 Et
1387 2148 1472 2180 rex

67 2214 252 2260 intuens
294 2212 432 2260 castri
475 2211 763 2268 incendium,
808 2210 911 2258 fecit
959 2226 1068 2257 suos
1111 2216 1316 2257 castrum
1361 2209 1473 2257 illud

68 2289 291 2338 scandere
317 2294 363 2336 et
388 2288 514 2351 quod
541 2288 616 2336 die
642 2287 858 2343 crastina,
885 2287 1020 2334 unius
1044 2287 1158 2334 hore
1184 2287 1340 2350 spacio
1367 2292 1472 2333 ante

117 2424 149 2458 1.
172 2422 224 2457 Le
252 2421 354 2468 siege
383 2421 428 2457 de
449 2411 781 2468 Thun-l’Eveque,
803 2420 956 2467 jusqu’a
978 2431 1020 2456 ce
1040 2419 1214 2467 point-ci,
1237 2426 1295 2457 est
1315 2426 1471 2458 exacto-

68 2486 177 2518 ment
197 2481 316 2517 relate
337 2492 405 2527 par
420 2481 474 2516 les
495 2482 699 2517 Anciennes
719 2482 936 2525 chronz'ques
956 2481 997 2515 de
1017 2481 1175 2516 Flandre
1198 2482 1319 2525 (Istorc
1339 2485 1372 2516 et
1392 2492 1472 2517 cro-

68 2543 195 2586 niques
215 2541 257 2575 cle
277 2541 465 2584 mandras,
487 2544 514 2575 t.
537 2539 570 2584 Ι,
591 2551 627 2585 p.
652 2539 720 2575 382
741 2544 778 2575 et
801 2538 896 2580 383).

115 2600 150 2636 2.
174 2599 322 2645 Bavay,
336 2598 456 2643 Nord,
469 2597 798 2634 arrondissement
813 2596 1041 2643 d'Avesnes,
1057 2598 1236 2634 chef-lieu
1252 2598 1297 2635 de
1313 2604 1468 2635 canton.

118 2659 151 2695 3.
175 2658 404 2705 Maubeuge,
433 2657 552 2703 Nord,
586 2656 915 2694 arrondissement
947 2657 1176 2703 d’Avesnes‚
1209 2658 1393 2695 chef-lieu
1427 2658 1471 2694 de

73 2723 229 2755 canton.

119 2777 151 2813 4.
176 2777 224 2813 V.
247 2787 372 2822 supra,
395 2788 432 2822 p.
455 2776 513 2822 34,
534 2779 623 2811 note
646 2775 677 2811 3.
