1923 3358
112 293 214 341 1337]
387 300 757 333 CHRONOGRAPHIA
783 300 935 333 REGUM
961 300 1238 332 FRANGORUM.
1469 299 1512 335 33

108 385 202 436 tur,
231 396 316 426 rex
341 380 529 427 Francie
555 381 683 443 ipsos
709 379 954 428 seduceret
981 398 1060 427 seu
1090 380 1343 427 attraheret
1369 397 1514 428 unum

108 462 217 518 post
242 456 381 503 alium
408 456 679 504 muneribus
706 463 752 504 et
776 457 1022 519 promissis
1053 474 1062 502 :
1090 456 1194 503 ideo
1221 463 1270 503 ut
1293 457 1381 503 hoc
1408 474 1515 520 pac-

109 537 209 579 tum
236 533 427 580 solidius
452 539 689 579 teneretur
713 537 759 579 et
782 532 979 589 firmius,
1007 532 1098 579 fide
1126 533 1285 595 previa
1311 550 1516 597 spopon-

106 609 275 656 derunt
301 609 428 672 quod
455 614 618 656 neuter
644 624 808 655 corum
833 608 890 655 ab
917 608 1005 655 alio
1033 608 1369 657 divideretur1.

171 688 316 733 Porro
354 685 589 733 comitissa
625 685 856 741 Hanonie,
892 684 980 731 hiis
1018 685 1236 749 cognitis,
1273 686 1516 750 requisivit

107 763 173 810 eis
201 763 418 826 quatinus
446 762 547 825 ipsa
576 761 846 825 loqueretur
875 762 975 826 regi
1004 762 1217 819 Francie,
1250 763 1379 810 fratri
1410 781 1511 821 SUO,

105 855 211 887 cum
238 839 518 902 quibusdam
544 838 773 902 ipsorum,
801 838 859 885 ad
886 838 1127 885 sciendum
1153 839 1191 885 si
1218 840 1515 887 concordiam

104 915 225 963 inter
243 932 323 963 eos
345 922 505 979 posset
530 933 786 979 apponere.
818 918 915 973 Quo
943 915 1000 963 ab
1027 915 1244 963 omnibus
1270 933 1511 975 concesso,

104 999 367 1040 annuerunt
392 992 433 1039 ei
460 992 702 1040 dominum
724 993 982 1041 Johannem
1007 992 1065 1039 de
1092 992 1316 1040 Hanonia.

171 1069 254 1126 Qui
266 1069 505 1116 venientes
520 1069 722 1116 Parisius
736 1069 794 1116 ad
813 1070 988 1117 curiam
1005 1069 1130 1133 regis
1146 1070 1353 1126 Francic,
1370 1070 1516 1117 nemi-

106 1162 214 1193 nem
232 1145 526 1202 invenerunt,
549 1146 627 1209 qui
646 1153 830 1194 curaret
847 1146 904 1193 de
921 1147 986 1193 eis
1006 1164 1014 1192 :
1032 1163 1141 1210 ymo
1159 1163 1321 1194 omnes
1340 1147 1516 1194 domini

107 1223 259 1270 vultus
289 1222 583 1270 divertebant
615 1223 672 1270 ab
707 1223 819 1271 eis2.
856 1223 1030 1270 Deinde
1061 1229 1243 1271 tantum
1274 1223 1516 1271 laborave-

104 1305 214 1347 runt
235 1299 361 1362 quod
387 1316 472 1347 rex
503 1300 731 1347 concessit
757 1300 822 1347 eis
845 1300 1001 1347 venire
1025 1316 1184 1347 coram
1211 1317 1284 1357 se;
1315 1317 1515 1363 cumque

105 1383 312 1424 astarent
341 1393 499 1424 coram
531 1393 604 1434 eo,
634 1376 869 1424 humiliter
895 1377 936 1424 ei
962 1377 1309 1440 suplicaverunt
1334 1384 1385 1425 ut
1410 1377 1517 1424 mit-

105 1459 225 1501 teret
259 1453 440 1516 aliquos
475 1453 533 1500 de
568 1453 684 1509 suis,
725 1470 863 1500 causa
895 1454 1124 1501 tractandi
1160 1470 1267 1501 cum
1300 1454 1516 1518 gentibus

104 1528 229 1593 regis
263 1529 443 1593 Anglie.
485 1528 660 1587 Quibus
695 1545 781 1575 rex
815 1528 931 1575 dixit
963 1547 971 1575 :
1008 1549 1028 1573 «
1060 1533 1170 1586 Vos,
1200 1530 1432 1578 Johannes
1458 1530 1515 1577 de

109 1625 130 1650 c<
160 1605 385 1662 Hanonia,
406 1611 452 1653 et
469 1605 612 1652 frater
629 1611 787 1653 vester
804 1622 961 1653 comes
981 1606 1205 1663 Hanonie,
1230 1606 1418 1654 creditis
1440 1623 1515 1654 me

110 1702 130 1726 c<
161 1683 394 1745 expellere
427 1682 484 1729 de
519 1699 666 1746 regno
702 1699 824 1730 meo.
863 1685 984 1730 Deus
1019 1683 1106 1730 hoc
1142 1688 1323 1730 avertat
1353 1701 1379 1730 a
1411 1683 1510 1729 me!

109 1778 129 1803 <z
160 1760 375 1807 Nundum
402 1776 541 1823 posse
565 1760 798 1807 sufficiens
822 1760 1020 1807 habetis.
1050 1780 1070 1805 »
1096 1761 1173 1809 Cui
1201 1761 1433 1809 Johannes
1457 1759 1515 1807 de

104 1836 312 1884 Hanonia
343 1854 392 1884 se
424 1837 664 1885 excusavit
694 1837 859 1885 melius
891 1855 1032 1901 quam
1066 1839 1234 1901 potuit.
1270 1843 1369 1887 Rex
1400 1854 1515 1885 vero

102 1913 304 1961 finaliter
334 1915 578 1978 respondit
609 1916 737 1978 quod
769 1915 940 1962 nullam
973 1915 1272 1962 concordiam
1307 1931 1412 1962 cum
1448 1915 1515 1962 eis

104 1989 322 2038 faceret3.
359 1994 456 2049 Qua
489 1992 794 2056 responsione
828 1992 985 2040 habita
1017 1998 1063 2039 et
1094 1991 1318 2039 valefacto
1352 1992 1510 2056 rege&

154 2134 187 2169 1.
211 2132 265 2169 Cf.
287 2133 323 2169 le
349 2134 445 2170 recit
471 2133 517 2170 de
536 2134 729 2171 Froissart
751 2133 820 2182 (ed.
845 2134 963 2180 Luce,
983 2138 1010 2169 t.
1033 2133 1065 2179 I,
1087 2144 1123 2179 p.
1149 2132 1211 2169 121
1237 2131 1259 2167 ἐι
1284 2132 1363 2180 125,
1388 2136 1425 2168 et
1446 2132 1509 2168 371

105 2191 128 2227 a.
148 2192 243 2236 377).

152 2250 184 2287 2.
209 2250 400 2288 Froissart
421 2253 526 2299 prete
550 2253 573 2289 a,
595 2253 770 2300 Philippe
794 2252 839 2288 de
864 2251 998 2288 Valois
1023 2251 1077 2287 les
1100 2251 1250 2297 paroles
1279 2251 1479 2287 suivantes
1503 2264 1509 2285 ;

108 2322 124 2342 «
147 2308 238 2344 Mon
259 2309 356 2345 frere
378 2309 423 2345 de
443 2310 628 2347 Hainnau
646 2310 877 2347 marceande
895 2310 939 2345 de
956 2309 1062 2346 avoir
1083 2320 1153 2345 son
1168 2309 1250 2355 pais
1266 2308 1311 2345 de
1328 2308 1511 2345 Hainnau

109 2382 125 2400 «
148 2379 210 2404 ars
231 2374 268 2403 et
290 2375 438 2404 courut.
465 2384 480 2402 »
506 2360 587 2415 (Ed.
612 2371 729 2415 Luce,
750 2376 779 2406 t.
802 2370 834 2415 Ι,
856 2381 893 2415 p.
917 2369 1013 2412 377.)

154 2426 187 2462 3.
211 2426 310 2462 Tout
332 2426 413 2462 ceci
434 2427 622 2464 concorde
646 2439 739 2465 avec
762 2428 797 2463 la
818 2427 980 2463 relation
1009 2425 1054 2461 de
1079 2426 1271 2463 Froissart
1300 2426 1369 2470 (ed.
1392 2426 1511 2471 Luce,

106 2490 134 2521 t.
155 2485 187 2529 Ι,
209 2497 245 2532 p.
270 2485 363 2529 373).
386 2485 418 2521 11
437 2487 561 2532 parait
581 2499 654 2534 que
675 2488 710 2523 le
732 2487 788 2523 roi
810 2486 983 2522 reflechit
997 2485 1210 2532 troisjours
1226 2491 1344 2523 avant
1360 2485 1406 2521 de
1421 2485 1513 2521 don-

106 2554 177 2580 ner
197 2555 273 2580 une
297 2545 458 2590 reponse
479 2546 501 2580 ἐι
522 2557 563 2581 sa
586 2557 690 2582 soeur
710 2551 747 2582 et
768 2545 789 2580 ἐι
808 2545 909 2581 Jean
929 2544 974 2580 de
996 2544 1180 2581 Hainaut.

154 2605 188 2640 4.
211 2604 244 2639 Il
264 2610 321 2640 est
343 2604 523 2651 prolJable
549 2616 623 2652 que
650 2605 742 2641 c'est
764 2616 813 2641 au
834 2615 945 2641 cours
966 2604 1011 2640 de
1032 2615 1095 2641 ces
1116 2605 1359 2651 pourparlers
1381 2615 1452 2651 que
1474 2603 1511 2639 la

109 2669 299 2700 comtesse
333 2663 379 2699 de
405 2663 578 2700 Hainaut
605 2663 804 2700 interceda
837 2675 886 2699 en
914 2664 1046 2700 faveur
1075 2663 1119 2700 de
1148 2663 1294 2700 Robert
1321 2662 1509 2705 d'Artois;

108 2722 143 2758 le
173 2723 218 2759 26
243 2723 321 2759 mai
345 2723 451 2769 1337,
474 2723 508 2759 le
536 2723 593 2759 roi
613 2723 658 2760 de
685 2723 836 2759 France
858 2722 1034 2769 accorda‚
1057 2722 1079 2758 a
1099 2723 1135 2758 la
1155 2724 1312 2769 requete
1338 2721 1383 2758 de
1411 2726 1510 2757 cette

109 2781 322 2829 princesse,
338 2794 391 2818 un
412 2781 676 2819 saus-conduit
692 2781 713 2817 ὲ.
730 2781 875 2819 Robert
897 2781 973 2818 afin
994 2781 1039 2818 de
1061 2781 1113 2817 lui
1133 2786 1341 2828 permettre
1362 2780 1408 2816 de
1427 2790 1510 2827 pro·

255 2852 285 2882 II
1351 2846 1369 2882 3
