1923 3358
337 257 403 293 364
607 256 978 290 CHRONOGRAPHIA
1004 255 1158 288 REGUM
1183 255 1461 288 FRANCORUM.
1634 254 1738 300 [1378

333 340 558 386 intrantes
584 340 631 382 et
656 334 937 398 rompendo,
972 334 1226 382 clamantes
1252 334 1380 397 quod
1404 335 1594 382 omnino
1615 337 1741 385 vole-

334 414 444 461 bant
468 426 716 458 romanum
735 411 810 457 vel
835 409 987 457 saltim
1011 410 1248 473 ytalicum,
1279 412 1429 473 maj0r
1454 427 1564 474 pars
1589 412 1741 460 cardi-

335 489 522 544 nalium,
562 487 701 534 minis
735 492 782 534 et
814 486 1094 543 terroribus,
1132 487 1244 534 alias
1280 503 1370 534 non
1409 486 1592 544 facturi,
1630 490 1742 535 Bar-

332 565 616 612 tholomeum
658 563 717 611 de
756 563 1004 628 Purigano,
1046 567 1296 611 Barensem
1338 563 1742 628 archiepiscopum

331 642 594 706 elegerunt,
644 640 883 689 Urbanum
922 647 1108 688 sextum
1142 646 1384 696 vocatum,
1423 656 1564 704 quem
1596 641 1742 688 eciam

330 718 616 782 perdurante
665 718 833 765 timore
883 724 1252 775 coronaverunt,
1308 717 1522 765 videlicet
1573 717 1619 764 in
1667 717 1743 765 die

332 802 491 842 sancto
522 794 749 851 Pasche¹;
780 801 825 842 et
859 795 1083 858 equitavit
1109 795 1184 842 illa
1211 795 1286 842 die
1312 795 1371 842 de
1412 797 1579 842 Sancto
1605 797 1742 842 Petro

332 873 391 920 ad
424 875 642 920 Sanctum
673 872 931 920 Johannem
966 872 1012 918 in
1042 875 1269 919 Laterano
1308 888 1360 919 ac
1393 872 1490 919 fere
1525 888 1610 935 per·
1646 879 1743 920 tres

332 966 516 997 menses
541 965 758 1012 corpore,
789 965 880 996 non
911 948 1083 1006 animo,
1108 949 1402 996 reverencias
1423 955 1468 996 et
1489 948 1575 996 alia
1602 949 1741 997 obse-

332 1027 438 1090 quia
459 1031 790 1090 prestaverunt
815 1025 1014 1089 papalia.

395 1106 567 1152 Verum
597 1109 782 1166 captato
821 1109 1036 1166 tempore
1076 1118 1285 1167 congruo
1325 1107 1372 1148 et
1408 1118 1592 1159 securo,
1632 1101 1743 1150 dicti

331 1179 605 1235 cardinales,
650 1180 754 1242 ipso
791 1179 1032 1236 derelicto,
1073 1196 1122 1226 se
1161 1184 1462 1226 retraxerunt
1501 1178 1548 1226 in
1591 1180 1744 1244 Agna—

332 1256 484 1312 niam3
523 1256 691 1304 deinde
727 1256 899 1303 Fundis
941 1255 1043 1320 (sic)
1088 1261 1383 1303 recesserunt
1414 1261 1460 1302 et
1499 1272 1586 1319 per
1616 1256 1745 1320 ipsos

332 1332 463 1379 factis
488 1332 788 1395 processibus
814 1338 860 1379 et
889 1331 1014 1379 dicto
1041 1331 1369 1379 Bartholomeo
1392 1331 1531 1379 citato
1558 1332 1604 1379 in
1632 1332 1744 1380 civi-

332 1414 424 1455 tate
451 1408 691 1456 Tiburtina
717 1408 796 1455 ubi
823 1413 934 1455 tunc
960 1407 1212 1462 residebat,
1245 1408 1601 1456 declaraverunt
1625 1408 1744 1456 elec-

332 1484 507 1531 tionem
542 1484 600 1532 de
633 1485 738 1548 ipso
773 1484 959 1540 factam,
994 1483 1165 1531 nullam
1202 1483 1342 1531 fuisse
1377 1490 1423 1531 et
1458 1484 1613 1547 ipsum
1647 1501 1742 1532 non

333 1565 503 1624 Papam
544 1561 626 1609 sed
667 1561 800 1608 Sedis
835 1560 1090 1624 apostolice
1125 1561 1415 1616 invasorem,
1458 1561 1743 1624 demumque

333 1637 471 1683 alium
497 1637 712 1683 videlicet
741 1637 983 1684 dominum
1013 1636 1273 1685 Robertum
1303 1636 1362 1684 de
1387 1638 1589 1693 Geneva,
1621 1637 1744 1684 bazi-

333 1713 417 1759 lice
448 1713 563 1776 xij⁰³¹¹¹
589 1713 922 1775 Apostolorum
960 1713 1290 1776 presbyterum
1323 1713 1622 1770 cardinalem,
1658 1717 1744 1761 Pa-

333 1805 442 1853 pam
465 1796 760 1846 creaverunt,
785 1790 863 1853 qui
891 1790 1104 1838 Clemens
1125 1790 1353 1853 septimus
1379 1797 1450 1838 est
1476 1796 1696 1838 vocatus²
1730 1810 1737 1838 :

333 1865 412 1927 qui
433 1882 539 1912 cum
560 1865 873 1913 cardinalibus
898 1871 944 1912 et
965 1882 1048 1913 sua
1073 1866 1203 1913 curia
1226 1866 1269 1913 in
1291 1866 1567 1914 Avinionem
1592 1867 1738 1921 venit,

334 1942 453 1990 sicut
478 1942 595 1989 infra
622 1941 847 1989 diceturss.

382 2073 415 2106 1.
438 2071 676 2108 Barthelemi
696 2072 892 2119 Prignano
914 2073 969 2109 fut
986 2074 1184 2110 couronne
1199 2073 1234 2110 le
1245 2073 1334 2122 Jour
1347 2073 1393 2110 de
1408 2074 1631 2122 Paques,18
1646 2075 1743 2111 avril

337 2130 440 2166 1378.

379 2189 414 2224 2.
441 2202 454 2222 «
479 2189 574 2225 L’an
601 2201 674 2237 quc
695 2190 832 2226 dessus
855 2192 893 2238 [M
915 2203 976 2228 ccc
998 2193 1168 2238 Lxxvm],
1191 2192 1225 2228 el
1243 2193 1330 2239 jorn
1353 2199 1430 2228 ters
1451 2192 1497 2229 de
1517 2193 1741 2237 novembro,

336 2264 350 2281 «
375 2248 438 2284 fon
460 2248 642 2285 ‹levozion
664 2261 684 2285 e
707 2250 880 2286 desacort
903 2256 1013 2286 entre
1041 2251 1077 2286 lo
1099 2251 1203 2298 Papa
1228 2251 1438 2298 davantdig
1467 2262 1487 2287 e
1515 2251 1572 2287 los
1601 2252 1743 2288 senhos

337 2322 352 2341 «
376 2307 605 2344 cardinales.
628 2309 741 2354 Item,
770 2310 805 2346 lo
833 2310 964 2357 colegc
993 2310 1073 2346 s‘en
1099 2311 1197 2346 salhi
1227 2310 1272 2346 de
1301 2311 1426 2347 Roma
1449 2310 1485 2347 lo
1509 2310 1597 2357 jorn
1618 2310 1744 2347 redier

337 2381 352 2399 «
377 2366 568 2402 d’octobre
590 2373 627 2403 et
648 2379 793 2405 avcron
815 2368 896 2405 s'en
917 2380 938 2404 a
959 2369 1100 2405 Fondis
1121 2374 1158 2405 et
1179 2369 1267 2416 aqui
1288 2369 1333 2405 de
1354 2375 1511 2416 present
1532 2369 1743 2417 n‘elegiron

338 2439 353 2458 «
376 2437 390 2476 1⁸
402 2430 510 2461 autre
531 2436 598 2471 por
617 2426 732 2473 Papa,
748 2439 768 2464 e
784 2427 849 2463 fon
864 2428 899 2463 lo
921 2428 1132 2475 quardenal
1148 2427 1193 2463 de
1215 2428 1365 2464 Gineva
1380 2438 1448 2475 per
1463 2438 1532 2464 son
1546 2438 1636 2464 nom
1653 2438 1742 2474 ape—

338 2495 351 2514 «
377 2484 429 2518 lat
451 2483 687 2519 monsenlior
711 2484 852 2521 Robert
873 2484 917 2520 de
939 2485 1104 2531 Gineva,
1134 2485 1247 2521 fraire
1275 2485 1334 2521 dcl
1365 2491 1478 2522 conte
1504 2485 1549 2521 de
1577 2485 1742 2529 Gineva,

338 2555 353 2573 «
377 2553 396 2576 o
431 2542 494 2577 fon
529 2553 598 2577 son
632 2542 715 2578 titol
746 2544 850 2590 Papa
875 2544 1051 2580 Clement
1072 2544 1161 2580 VII.
1187 2558 1202 2577 »
1229 2544 1403 2589 (Journal
1431 2544 1476 2580 de
1503 2544 1551 2580 B.
1576 2544 1741 2589 Boisset,

339 2600 436 2636 Bibl.
460 2607 557 2646 nat,
580 2601 688 2637 fonds
710 2601 831 2649 franc.
856 2603 960 2648 5728,
984 2604 1047 2640 fol.
1072 2604 1113 2639 14
1136 2605 1198 2640 το.)

385 2659 415 2694 3.
444 2673 458 2691 «
482 2660 591 2697 Item.
617 2661 733 2706 clegit
754 2672 825 2707 que
848 2663 910 2697 fon
933 2663 1036 2709 Papa
1058 2663 1231 2699 Clement
1247 2663 1335 2708 VII,
1358 2662 1456 2709 parti
1478 2662 1522 2698 de
1543 2661 1698 2706 Fondis,
1720 2672 1740 2696 e

340 2731 354 2747 κ
379 2728 475 2753 veno
498 2718 591 2762 s’en,
614 2730 661 2753 an
687 2719 740 2755 los
762 2719 976 2765 cardenals,
1000 2721 1045 2756 ad
1070 2721 1270 2765 Avinhon,
1293 2727 1438 2768 eseptat
1465 2726 1613 2768 quatre,
1638 2730 1739 2766 quen
