<?xml version="1.0" encoding="UTF-8"?>
<!DOCTYPE html PUBLIC "-//W3C//DTD XHTML 1.0 Transitional//EN"
    "http://www.w3.org/TR/xhtml1/DTD/xhtml1-transitional.dtd">
<html xmlns="http://www.w3.org/1999/xhtml" xml:lang="en" lang="en">
 <head>
  <title>
</title>
<meta http-equiv="Content-Type" content="text/html;charset=utf-8" />
  <meta name='ocr-system' content='tesseract 3.04.00' />
  <meta name='ocr-capabilities' content='ocr_page ocr_carea ocr_par ocr_line ocrx_word'/>
</head>
<body>
  <div class='ocr_page' id='page_1' title='image "./chronographiareg02mora_0135.png"; bbox 0 0 1923 3358; ppageno 0'>
   <div class='ocr_carea' id='block_1_1' title="bbox 108 274 1506 326">
    <p class='ocr_par' dir='ltr' id='par_1_1' title="bbox 108 274 1506 326">
     <span class='ocr_line' id='line_1_1' title="bbox 108 274 1506 326; baseline -0.003 -12"><span class='ocrx_word' id='word_1_1' title='bbox 108 278 212 326; x_wconf 84' lang='grc'>1340]</span> <span class='ocrx_word' id='word_1_2' title='bbox 377 282 747 315; x_wconf 80' lang='lat' dir='ltr'><strong>CHRONOGRAPHIA</strong></span> <span class='ocrx_word' id='word_1_3' title='bbox 774 281 927 314; x_wconf 76' lang='lat' dir='ltr'><strong>REGUM</strong></span> <span class='ocrx_word' id='word_1_4' title='bbox 952 278 1230 312; x_wconf 86' lang='lat' dir='ltr'>FRANCORUM.</span> <span class='ocrx_word' id='word_1_5' title='bbox 1441 274 1506 311; x_wconf 65' lang='lat'>123</span> 
     </span>
    </p>
   </div>
   <div class='ocr_carea' id='block_1_2' title="bbox 104 357 1520 1805">
    <p class='ocr_par' dir='ltr' id='par_1_2' title="bbox 104 357 1510 808">
     <span class='ocr_line' id='line_1_2' title="bbox 170 357 1508 423; baseline -0.003 -15"><span class='ocrx_word' id='word_1_6' title='bbox 170 361 363 408; x_wconf 76' lang='lat' dir='ltr'>Interim</span> <span class='ocrx_word' id='word_1_7' title='bbox 388 377 502 408; x_wconf 90' lang='lat' dir='ltr'>vero</span> <span class='ocrx_word' id='word_1_8' title='bbox 527 360 807 408; x_wconf 88' lang='lat' dir='ltr'>Barbavaria</span> <span class='ocrx_word' id='word_1_9' title='bbox 835 359 1100 423; x_wconf 80' lang='lat' dir='ltr'>percipiens</span> <span class='ocrx_word' id='word_1_10' title='bbox 1124 374 1225 406; x_wconf 89' lang='lat' dir='ltr'>rem</span> <span class='ocrx_word' id='word_1_11' title='bbox 1251 357 1309 405; x_wconf 89' lang='lat' dir='ltr'>ad</span> <span class='ocrx_word' id='word_1_12' title='bbox 1336 358 1508 405; x_wconf 88' lang='lat' dir='ltr'>malum</span> 
     </span>
     <span class='ocr_line' id='line_1_3' title="bbox 104 434 1509 500; baseline -0.003 -15"><span class='ocrx_word' id='word_1_13' title='bbox 104 439 246 485; x_wconf 87' lang='lat' dir='ltr'>finem</span> <span class='ocrx_word' id='word_1_14' title='bbox 282 438 499 495; x_wconf 87' lang='lat' dir='ltr'>tendere,</span> <span class='ocrx_word' id='word_1_15' title='bbox 535 437 689 485; x_wconf 82' lang='lat' dir='ltr'><strong>evehit</strong></span> <span class='ocrx_word' id='word_1_16' title='bbox 723 454 773 484; x_wconf 91' lang='lat' dir='ltr'>se</span> <span class='ocrx_word' id='word_1_17' title='bbox 806 436 1036 500; x_wconf 75' lang='lat' dir='ltr'>longius1.</span> <span class='ocrx_word' id='word_1_18' title='bbox 1067 440 1178 483; x_wconf 85' lang='lat' dir='ltr'>Tota</span> <span class='ocrx_word' id='word_1_19' title='bbox 1206 452 1319 482; x_wconf 92' lang='lat' dir='ltr'>vero</span> <span class='ocrx_word' id='word_1_20' title='bbox 1351 434 1509 482; x_wconf 89' lang='lat' dir='ltr'>classis</span> 
     </span>
     <span class='ocr_line' id='line_1_4' title="bbox 105 512 1509 578; baseline -0.003 -16"><span class='ocrx_word' id='word_1_21' title='bbox 105 517 388 562; x_wconf 81' lang='lat' dir='ltr'>Francorum</span> <span class='ocrx_word' id='word_1_22' title='bbox 415 515 658 578; x_wconf 87' lang='lat' dir='ltr'>deperdita</span> <span class='ocrx_word' id='word_1_23' title='bbox 683 521 753 561; x_wconf 87' lang='lat' dir='ltr'>est</span> <span class='ocrx_word' id='word_1_24' title='bbox 778 520 937 577; x_wconf 88' lang='lat' dir='ltr'>preter</span> <span class='ocrx_word' id='word_1_25' title='bbox 957 513 1132 575; x_wconf 84' lang='lat' dir='ltr'>aliquas</span> <span class='ocrx_word' id='word_1_26' title='bbox 1158 512 1392 560; x_wconf 81' lang='lat' dir='ltr'>naviculas</span> <span class='ocrx_word' id='word_1_27' title='bbox 1418 528 1509 574; x_wconf 89' lang='lat' dir='ltr'>que</span> 
     </span>
     <span class='ocr_line' id='line_1_5' title="bbox 106 589 1510 652; baseline -0.002 -14"><span class='ocrx_word' id='word_1_28' title='bbox 106 609 132 638; x_wconf 92' lang='lat' dir='ltr'>a</span> <span class='ocrx_word' id='word_1_29' title='bbox 163 609 272 639; x_wconf 88' lang='lat' dir='ltr'>casu</span> <span class='ocrx_word' id='word_1_30' title='bbox 304 597 569 639; x_wconf 90' lang='lat' dir='ltr'>evaserunt.</span> <span class='ocrx_word' id='word_1_31' title='bbox 602 595 774 639; x_wconf 85' lang='lat' dir='ltr'>Ferunt</span> <span class='ocrx_word' id='word_1_32' title='bbox 806 590 931 637; x_wconf 90' lang='lat' dir='ltr'>enim</span> <span class='ocrx_word' id='word_1_33' title='bbox 966 589 1157 652; x_wconf 81' lang='lat' dir='ltr'>quidam</span> <span class='ocrx_word' id='word_1_34' title='bbox 1192 589 1319 652; x_wconf 86' lang='lat' dir='ltr'>quod</span> <span class='ocrx_word' id='word_1_35' title='bbox 1355 589 1510 637; x_wconf 82' lang='lat' dir='ltr'>Gallici</span> 
     </span>
     <span class='ocr_line' id='line_1_6' title="bbox 106 665 1510 729; baseline -0.001 -15"><span class='ocrx_word' id='word_1_36' title='bbox 106 668 310 716; x_wconf 88' lang='lat' dir='ltr'>victores</span> <span class='ocrx_word' id='word_1_37' title='bbox 329 668 538 724; x_wconf 88' lang='lat' dir='ltr'>fuissent,</span> <span class='ocrx_word' id='word_1_38' title='bbox 562 667 649 714; x_wconf 89' lang='lat' dir='ltr'>nisi</span> <span class='ocrx_word' id='word_1_39' title='bbox 670 665 893 729; x_wconf 82' lang='lat' dir='ltr'>Flamingi</span> <span class='ocrx_word' id='word_1_40' title='bbox 914 666 1296 728; x_wconf 76' lang='lat' dir='ltr'>supervenissent</span> <span class='ocrx_word' id='word_1_41' title='bbox 1321 665 1380 713; x_wconf 93' lang='lat' dir='ltr'>ad</span> <span class='ocrx_word' id='word_1_42' title='bbox 1407 682 1510 713; x_wconf 89' lang='lat' dir='ltr'>suc-</span> 
     </span>
     <span class='ocr_line' id='line_1_7' title="bbox 107 743 670 808; baseline -0.005 -16"><span class='ocrx_word' id='word_1_43' title='bbox 107 745 393 793; x_wconf 88' lang='lat' dir='ltr'>currendum</span> <span class='ocrx_word' id='word_1_44' title='bbox 418 743 670 808; x_wconf 79' lang='lat' dir='ltr'>Anglicis2.</span> 
     </span>
    </p>

    <p class='ocr_par' dir='ltr' id='par_1_3' title="bbox 107 818 1520 1728">
     <span class='ocr_line' id='line_1_8' title="bbox 171 818 1514 882; baseline -0.001 -14"><span class='ocrx_word' id='word_1_45' title='bbox 171 821 243 868; x_wconf 91' lang='lat' dir='ltr'>Hii</span> <span class='ocrx_word' id='word_1_46' title='bbox 260 838 372 869; x_wconf 87' lang='lat' dir='ltr'>vero</span> <span class='ocrx_word' id='word_1_47' title='bbox 389 820 447 867; x_wconf 90' lang='lat' dir='ltr'>de</span> <span class='ocrx_word' id='word_1_48' title='bbox 463 820 637 875; x_wconf 85' lang='lat' dir='ltr'>Scluza,</span> <span class='ocrx_word' id='word_1_49' title='bbox 662 819 738 867; x_wconf 92' lang='lat' dir='ltr'>ubi</span> <span class='ocrx_word' id='word_1_50' title='bbox 755 824 889 866; x_wconf 83' lang='lat' dir='ltr'>erant</span> <span class='ocrx_word' id='word_1_51' title='bbox 911 818 1197 882; x_wconf 82' lang='lat' dir='ltr'>congregati,</span> <span class='ocrx_word' id='word_1_52' title='bbox 1228 818 1514 882; x_wconf 78' lang='lat' dir='ltr'>aspiciebant</span> 
     </span>
     <span class='ocr_line' id='line_1_9' title="bbox 107 894 1514 959; baseline -0.001 -15"><span class='ocrx_word' id='word_1_53' title='bbox 107 897 280 944; x_wconf 89' lang='lat' dir='ltr'>bellum</span> <span class='ocrx_word' id='word_1_54' title='bbox 306 896 506 944; x_wconf 88' lang='lat' dir='ltr'>duorum</span> <span class='ocrx_word' id='word_1_55' title='bbox 533 896 826 959; x_wconf 75' lang='lat' dir='ltr'>navigiorum</span> <span class='ocrx_word' id='word_1_56' title='bbox 853 895 980 957; x_wconf 89' lang='lat' dir='ltr'>quod</span> <span class='ocrx_word' id='word_1_57' title='bbox 1008 894 1119 942; x_wconf 85' lang='lat' dir='ltr'>satis</span> <span class='ocrx_word' id='word_1_58' title='bbox 1144 911 1293 957; x_wconf 87' lang='lat' dir='ltr'>prope</span> <span class='ocrx_word' id='word_1_59' title='bbox 1320 901 1436 950; x_wconf 89' lang='lat' dir='ltr'>erat,</span> <span class='ocrx_word' id='word_1_60' title='bbox 1468 902 1514 943; x_wconf 85' lang='lat' dir='ltr'>et</span> 
     </span>
     <span class='ocr_line' id='line_1_10' title="bbox 107 970 1515 1034; baseline -0.002 -15"><span class='ocrx_word' id='word_1_61' title='bbox 107 989 214 1020; x_wconf 89' lang='lat' dir='ltr'>cum</span> <span class='ocrx_word' id='word_1_62' title='bbox 243 972 470 1019; x_wconf 83' lang='lat' dir='ltr'>vidissent</span> <span class='ocrx_word' id='word_1_63' title='bbox 496 971 622 1034; x_wconf 88' lang='lat' dir='ltr'>quod</span> <span class='ocrx_word' id='word_1_64' title='bbox 649 971 835 1034; x_wconf 89' lang='lat' dir='ltr'>pondus</span> <span class='ocrx_word' id='word_1_65' title='bbox 860 970 968 1017; x_wconf 88' lang='lat' dir='ltr'>belli</span> <span class='ocrx_word' id='word_1_66' title='bbox 991 970 1265 1017; x_wconf 73' lang='lat' dir='ltr'>vertebatur</span> <span class='ocrx_word' id='word_1_67' title='bbox 1285 970 1331 1016; x_wconf 92' lang='lat' dir='ltr'>in</span> <span class='ocrx_word' id='word_1_68' title='bbox 1358 971 1515 1033; x_wconf 82' lang='lat' dir='ltr'>Angli-</span> 
     </span>
     <span class='ocr_line' id='line_1_11' title="bbox 107 1047 1515 1106; baseline -0.003 -10"><span class='ocrx_word' id='word_1_69' title='bbox 107 1066 204 1106; x_wconf 90' lang='lat' dir='ltr'>cos,</span> <span class='ocrx_word' id='word_1_70' title='bbox 234 1065 346 1096; x_wconf 87' lang='lat' dir='ltr'>mox</span> <span class='ocrx_word' id='word_1_71' title='bbox 374 1049 539 1096; x_wconf 89' lang='lat' dir='ltr'>armati</span> <span class='ocrx_word' id='word_1_72' title='bbox 570 1064 677 1095; x_wconf 90' lang='lat' dir='ltr'>cum</span> <span class='ocrx_word' id='word_1_73' title='bbox 706 1047 882 1095; x_wconf 87' lang='lat' dir='ltr'>baculis</span> <span class='ocrx_word' id='word_1_74' title='bbox 914 1047 1027 1103; x_wconf 89' lang='lat' dir='ltr'>suis,</span> <span class='ocrx_word' id='word_1_75' title='bbox 1056 1047 1348 1094; x_wconf 87' lang='lat' dir='ltr'>intraverunt</span> <span class='ocrx_word' id='word_1_76' title='bbox 1374 1063 1515 1093; x_wconf 89' lang='lat' dir='ltr'>naves</span> 
     </span>
     <span class='ocr_line' id='line_1_12' title="bbox 107 1123 1516 1190; baseline -0.004 -16"><span class='ocrx_word' id='word_1_77' title='bbox 107 1127 264 1175; x_wconf 88' lang='lat' dir='ltr'>Scluze</span> <span class='ocrx_word' id='word_1_78' title='bbox 291 1132 337 1173; x_wconf 90' lang='lat' dir='ltr'>et</span> <span class='ocrx_word' id='word_1_79' title='bbox 362 1126 409 1173; x_wconf 88' lang='lat' dir='ltr'>in</span> <span class='ocrx_word' id='word_1_80' title='bbox 435 1142 603 1190; x_wconf 81' lang='lat' dir='ltr'>magna</span> <span class='ocrx_word' id='word_1_81' title='bbox 629 1125 924 1172; x_wconf 85' lang='lat' dir='ltr'>multitudine</span> <span class='ocrx_word' id='word_1_82' title='bbox 950 1124 1242 1180; x_wconf 85' lang='lat' dir='ltr'>accedentes,</span> <span class='ocrx_word' id='word_1_83' title='bbox 1273 1140 1330 1169; x_wconf 86' lang='lat' dir='ltr'>ex</span> <span class='ocrx_word' id='word_1_84' title='bbox 1356 1123 1516 1186; x_wconf 92' lang='lat' dir='ltr'>inpro-</span> 
     </span>
     <span class='ocr_line' id='line_1_13' title="bbox 108 1200 1511 1266; baseline -0.004 -15"><span class='ocrx_word' id='word_1_85' title='bbox 108 1203 210 1251; x_wconf 93' lang='lat' dir='ltr'>viso</span> <span class='ocrx_word' id='word_1_86' title='bbox 240 1221 266 1250; x_wconf 90' lang='lat' dir='ltr'>a</span> <span class='ocrx_word' id='word_1_87' title='bbox 298 1203 440 1251; x_wconf 89' lang='lat' dir='ltr'>dorso</span> <span class='ocrx_word' id='word_1_88' title='bbox 468 1203 705 1250; x_wconf 82' lang='lat' dir='ltr'>irruerunt</span> <span class='ocrx_word' id='word_1_89' title='bbox 732 1219 875 1266; x_wconf 89' lang='lat' dir='ltr'>super</span> <span class='ocrx_word' id='word_1_90' title='bbox 900 1205 1101 1249; x_wconf 88' lang='lat' dir='ltr'>Francos</span> <span class='ocrx_word' id='word_1_91' title='bbox 1127 1201 1250 1249; x_wconf 89' lang='lat' dir='ltr'>bello</span> <span class='ocrx_word' id='word_1_92' title='bbox 1277 1200 1511 1264; x_wconf 79' lang='lat' dir='ltr'>fatigatos,</span> 
     </span>
     <span class='ocr_line' id='line_1_14' title="bbox 108 1278 1516 1344; baseline -0.003 -17"><span class='ocrx_word' id='word_1_93' title='bbox 108 1281 244 1328; x_wconf 84' lang='lat' dir='ltr'>nichil</span> <span class='ocrx_word' id='word_1_94' title='bbox 265 1279 530 1344; x_wconf 87' lang='lat' dir='ltr'>hujusmodi</span> <span class='ocrx_word' id='word_1_95' title='bbox 552 1279 906 1343; x_wconf 83' lang='lat' dir='ltr'>premeditatos.</span> <span class='ocrx_word' id='word_1_96' title='bbox 931 1278 1109 1343; x_wconf 81' lang='lat' dir='ltr'>Anglici</span> <span class='ocrx_word' id='word_1_97' title='bbox 1129 1278 1253 1325; x_wconf 89' lang='lat' dir='ltr'>enim</span> <span class='ocrx_word' id='word_1_98' title='bbox 1272 1282 1516 1324; x_wconf 87' lang='lat' dir='ltr'>cernentes</span> 
     </span>
     <span class='ocr_line' id='line_1_15' title="bbox 108 1356 1519 1421; baseline -0.004 -17"><span class='ocrx_word' id='word_1_99' title='bbox 108 1357 373 1421; x_wconf 80' lang='lat' dir='ltr'>Flamingos</span> <span class='ocrx_word' id='word_1_100' title='bbox 413 1357 458 1404; x_wconf 90' lang='lat' dir='ltr'>in</span> <span class='ocrx_word' id='word_1_101' title='bbox 501 1357 570 1404; x_wconf 91' lang='lat' dir='ltr'>sui</span> <span class='ocrx_word' id='word_1_102' title='bbox 615 1357 837 1404; x_wconf 84' lang='lat' dir='ltr'>auxilium</span> <span class='ocrx_word' id='word_1_103' title='bbox 875 1356 1118 1410; x_wconf 88' lang='lat' dir='ltr'>advenire,</span> <span class='ocrx_word' id='word_1_104' title='bbox 1162 1359 1519 1416; x_wconf 85' lang='lat' dir='ltr'>resumpserunt</span> 
     </span>
     <span class='ocr_line' id='line_1_16' title="bbox 108 1429 1514 1496; baseline -0.004 -15"><span class='ocrx_word' id='word_1_105' title='bbox 108 1434 371 1489; x_wconf 90' lang='lat' dir='ltr'>audaciam,</span> <span class='ocrx_word' id='word_1_106' title='bbox 409 1434 475 1481; x_wconf 90' lang='lat' dir='ltr'>sic</span> <span class='ocrx_word' id='word_1_107' title='bbox 509 1434 637 1496; x_wconf 83' lang='lat' dir='ltr'>quod</span> <span class='ocrx_word' id='word_1_108' title='bbox 676 1434 853 1489; x_wconf 88' lang='lat' dir='ltr'>Gallici,</span> <span class='ocrx_word' id='word_1_109' title='bbox 890 1438 996 1480; x_wconf 90' lang='lat' dir='ltr'>ante</span> <span class='ocrx_word' id='word_1_110' title='bbox 1035 1438 1081 1479; x_wconf 85' lang='lat' dir='ltr'>et</span> <span class='ocrx_word' id='word_1_111' title='bbox 1115 1438 1242 1479; x_wconf 87' lang='lat' dir='ltr'>retro</span> <span class='ocrx_word' id='word_1_112' title='bbox 1282 1429 1514 1484; x_wconf 83' lang='lat' dir='ltr'>debellati,</span> 
     </span>
     <span class='ocr_line' id='line_1_17' title="bbox 109 1507 1520 1573; baseline -0.003 -16"><span class='ocrx_word' id='word_1_113' title='bbox 109 1527 271 1557; x_wconf 87' lang='lat' dir='ltr'>omnes</span> <span class='ocrx_word' id='word_1_114' title='bbox 298 1510 576 1558; x_wconf 85' lang='lat' dir='ltr'>interierunt</span> <span class='ocrx_word' id='word_1_115' title='bbox 602 1516 761 1573; x_wconf 87' lang='lat' dir='ltr'>preter</span> <span class='ocrx_word' id='word_1_116' title='bbox 783 1509 1164 1557; x_wconf 89' lang='lat' dir='ltr'>Barbamvariam</span> <span class='ocrx_word' id='word_1_117' title='bbox 1188 1508 1264 1571; x_wconf 87' lang='lat' dir='ltr'>qui</span> <span class='ocrx_word' id='word_1_118' title='bbox 1291 1523 1397 1555; x_wconf 89' lang='lat' dir='ltr'>cum</span> <span class='ocrx_word' id='word_1_119' title='bbox 1418 1507 1520 1569; x_wconf 90' lang='lat' dir='ltr'>qui-</span> 
     </span>
     <span class='ocr_line' id='line_1_18' title="bbox 110 1583 1520 1649; baseline -0.004 -14"><span class='ocrx_word' id='word_1_120' title='bbox 110 1587 309 1635; x_wconf 86' lang='lat' dir='ltr'>busdam</span> <span class='ocrx_word' id='word_1_121' title='bbox 329 1587 424 1634; x_wconf 87' lang='lat' dir='ltr'>suis</span> <span class='ocrx_word' id='word_1_122' title='bbox 445 1587 599 1643; x_wconf 89' lang='lat' dir='ltr'>sociis,</span> <span class='ocrx_word' id='word_1_123' title='bbox 622 1592 672 1634; x_wconf 85' lang='lat' dir='ltr'>ut</span> <span class='ocrx_word' id='word_1_124' title='bbox 692 1587 856 1644; x_wconf 88' lang='lat' dir='ltr'>fertur,</span> <span class='ocrx_word' id='word_1_125' title='bbox 881 1586 1044 1643; x_wconf 83' lang='lat' dir='ltr'>evasit,</span> <span class='ocrx_word' id='word_1_126' title='bbox 1070 1591 1116 1633; x_wconf 87' lang='lat' dir='ltr'>et</span> <span class='ocrx_word' id='word_1_127' title='bbox 1141 1584 1381 1649; x_wconf 80' lang='lat' dir='ltr'>sexaginta</span> <span class='ocrx_word' id='word_1_128' title='bbox 1407 1583 1520 1630; x_wconf 87' lang='lat' dir='ltr'>alios</span> 
     </span>
     <span class='ocr_line' id='line_1_19' title="bbox 110 1663 1230 1728; baseline -0.002 -17"><span class='ocrx_word' id='word_1_129' title='bbox 110 1665 187 1728; x_wconf 91' lang='lat' dir='ltr'>qui</span> <span class='ocrx_word' id='word_1_130' title='bbox 216 1664 309 1711; x_wconf 91' lang='lat' dir='ltr'>vivi</span> <span class='ocrx_word' id='word_1_131' title='bbox 335 1664 476 1728; x_wconf 86' lang='lat' dir='ltr'>capti,</span> <span class='ocrx_word' id='word_1_132' title='bbox 507 1681 599 1712; x_wconf 92' lang='lat' dir='ltr'>non</span> <span class='ocrx_word' id='word_1_133' title='bbox 626 1664 706 1712; x_wconf 89' lang='lat' dir='ltr'>diu</span> <span class='ocrx_word' id='word_1_134' title='bbox 731 1670 840 1727; x_wconf 89' lang='lat' dir='ltr'>post</span> <span class='ocrx_word' id='word_1_135' title='bbox 866 1663 1078 1711; x_wconf 83' lang='lat' dir='ltr'>decollati</span> <span class='ocrx_word' id='word_1_136' title='bbox 1105 1668 1230 1710; x_wconf 84' lang='lat' dir='ltr'>sunt.</span> 
     </span>
    </p>

    <p class='ocr_par' dir='ltr' id='par_1_4' title="bbox 173 1737 1516 1805">
     <span class='ocr_line' id='line_1_20' title="bbox 173 1737 1516 1805; baseline -0.003 -17"><span class='ocrx_word' id='word_1_137' title='bbox 173 1744 243 1788; x_wconf 86' lang='lat' dir='ltr'>Ex</span> <span class='ocrx_word' id='word_1_138' title='bbox 268 1740 471 1805; x_wconf 83' lang='lat' dir='ltr'>Anglicis</span> <span class='ocrx_word' id='word_1_139' title='bbox 499 1747 656 1788; x_wconf 90' lang='lat' dir='ltr'>autem</span> <span class='ocrx_word' id='word_1_140' title='bbox 684 1740 958 1788; x_wconf 88' lang='lat' dir='ltr'>ceciderunt</span> <span class='ocrx_word' id='word_1_141' title='bbox 986 1739 1114 1802; x_wconf 89' lang='lat' dir='ltr'>quasi</span> <span class='ocrx_word' id='word_1_142' title='bbox 1150 1739 1314 1786; x_wconf 88' lang='lat' dir='ltr'>decem</span> <span class='ocrx_word' id='word_1_143' title='bbox 1344 1737 1516 1792; x_wconf 82' lang='lat' dir='ltr'>milia3,</span> 
     </span>
    </p>
   </div>
   <div class='ocr_carea' id='block_1_3' title="bbox 114 1880 1541 2816">
    <p class='ocr_par' dir='ltr' id='par_1_5' title="bbox 114 1880 1541 2223">
     <span class='ocr_line' id='line_1_21' title="bbox 159 1880 1521 1928; baseline -0.001 -12"><span class='ocrx_word' id='word_1_144' title='bbox 159 1882 191 1917; x_wconf 89' lang='lat'>1.</span> <span class='ocrx_word' id='word_1_145' title='bbox 213 1881 236 1916; x_wconf 85' lang='lat' dir='ltr'>J</span> <span class='ocrx_word' id='word_1_146' title='bbox 242 1881 385 1928; x_wconf 87' lang='lat' dir='ltr'>&#39;ignore</span> <span class='ocrx_word' id='word_1_147' title='bbox 407 1881 429 1916; x_wconf 77' lang='grc' dir='ltr'>ἐι</span> <span class='ocrx_word' id='word_1_148' title='bbox 449 1881 536 1928; x_wconf 90' lang='lat' dir='ltr'>quel</span> <span class='ocrx_word' id='word_1_149' title='bbox 557 1881 623 1917; x_wconf 85' lang='lat' dir='ltr'>fait</span> <span class='ocrx_word' id='word_1_150' title='bbox 643 1882 670 1917; x_wconf 98' lang='grc'>11</span> <span class='ocrx_word' id='word_1_151' title='bbox 692 1881 771 1917; x_wconf 88' lang='lat' dir='ltr'>faut</span> <span class='ocrx_word' id='word_1_152' title='bbox 792 1881 988 1917; x_wconf 81' lang='lat' dir='ltr'>rattacher</span> <span class='ocrx_word' id='word_1_153' title='bbox 1002 1880 1168 1917; x_wconf 75' lang='lat' dir='ltr'>l&#39;extrait</span> <span class='ocrx_word' id='word_1_154' title='bbox 1186 1881 1365 1916; x_wconf 81' lang='lat' dir='ltr'>suivant:</span> <span class='ocrx_word' id='word_1_155' title='bbox 1383 1893 1399 1912; x_wconf 86' lang='lat'>«</span> <span class='ocrx_word' id='word_1_156' title='bbox 1416 1880 1521 1915; x_wconf 87' lang='lat' dir='ltr'>Pour</span> 
     </span>
     <span class='ocr_line' id='line_1_22' title="bbox 115 1938 1522 1987; baseline -0.001 -12"><span class='ocrx_word' id='word_1_157' title='bbox 115 1955 131 1974; x_wconf 89' lang='lat'>«</span> <span class='ocrx_word' id='word_1_158' title='bbox 154 1941 287 1976; x_wconf 79' lang='lat' dir='ltr'>lettres</span> <span class='ocrx_word' id='word_1_159' title='bbox 319 1940 499 1977; x_wconf 83' lang='lat' dir='ltr'>envoiees</span> <span class='ocrx_word' id='word_1_160' title='bbox 528 1940 551 1976; x_wconf 70' lang='lat' dir='ltr'>a</span> <span class='ocrx_word' id='word_1_161' title='bbox 576 1946 664 1977; x_wconf 87' lang='lat' dir='ltr'>touz</span> <span class='ocrx_word' id='word_1_162' title='bbox 691 1941 746 1976; x_wconf 82' lang='lat' dir='ltr'>les</span> <span class='ocrx_word' id='word_1_163' title='bbox 773 1940 969 1987; x_wconf 83' lang='lat' dir='ltr'>justiciers</span> <span class='ocrx_word' id='word_1_164' title='bbox 997 1939 1232 1976; x_wconf 83' lang='lat' dir='ltr'>demouranz</span> <span class='ocrx_word' id='word_1_165' title='bbox 1259 1950 1325 1974; x_wconf 87' lang='lat' dir='ltr'>sur</span> <span class='ocrx_word' id='word_1_166' title='bbox 1352 1938 1406 1974; x_wconf 89' lang='lat' dir='ltr'>les</span> <span class='ocrx_word' id='word_1_167' title='bbox 1435 1949 1522 1984; x_wconf 84' lang='lat' dir='ltr'>pors</span> 
     </span>
     <span class='ocr_line' id='line_1_23' title="bbox 116 1997 1524 2046; baseline -0.001 -12"><span class='ocrx_word' id='word_1_168' title='bbox 116 2014 130 2034; x_wconf 87' lang='lat'>«</span> <span class='ocrx_word' id='word_1_169' title='bbox 154 1999 199 2036; x_wconf 91' lang='lat' dir='ltr'>de</span> <span class='ocrx_word' id='word_1_170' title='bbox 220 1999 258 2035; x_wconf 87' lang='lat' dir='ltr'>la</span> <span class='ocrx_word' id='word_1_171' title='bbox 276 2010 360 2036; x_wconf 87' lang='lat' dir='ltr'>mer</span> <span class='ocrx_word' id='word_1_172' title='bbox 379 2011 475 2046; x_wconf 87' lang='lat' dir='ltr'>pour</span> <span class='ocrx_word' id='word_1_173' title='bbox 495 1999 591 2036; x_wconf 82' lang='lat' dir='ltr'>faire</span> <span class='ocrx_word' id='word_1_174' title='bbox 619 1999 782 2046; x_wconf 86' lang='lat' dir='ltr'>prendre</span> <span class='ocrx_word' id='word_1_175' title='bbox 810 2007 847 2035; x_wconf 87' lang='lat' dir='ltr'>et</span> <span class='ocrx_word' id='word_1_176' title='bbox 872 2005 1039 2035; x_wconf 84' lang='lat' dir='ltr'>arrester</span> <span class='ocrx_word' id='word_1_177' title='bbox 1061 2005 1148 2034; x_wconf 83' lang='lat' dir='ltr'>touz</span> <span class='ocrx_word' id='word_1_178' title='bbox 1174 1998 1228 2034; x_wconf 83' lang='lat' dir='ltr'>les</span> <span class='ocrx_word' id='word_1_179' title='bbox 1256 1997 1451 2033; x_wconf 84' lang='lat' dir='ltr'>Genevoiz</span> <span class='ocrx_word' id='word_1_180' title='bbox 1479 1997 1524 2033; x_wconf 86' lang='lat' dir='ltr'>de</span> 
     </span>
     <span class='ocr_line' id='line_1_24' title="bbox 116 2055 1523 2105; baseline -0.002 -11"><span class='ocrx_word' id='word_1_181' title='bbox 116 2072 131 2093; x_wconf 79' lang='grc' dir='ltr'><strong><em>α</em></strong></span> <span class='ocrx_word' id='word_1_182' title='bbox 155 2059 192 2094; x_wconf 82' lang='lat' dir='ltr'>la</span> <span class='ocrx_word' id='word_1_183' title='bbox 221 2058 343 2105; x_wconf 80' lang='lat' dir='ltr'>galiee</span> <span class='ocrx_word' id='word_1_184' title='bbox 369 2058 620 2105; x_wconf 80' lang='lat' dir='ltr'>Barbevaire,</span> <span class='ocrx_word' id='word_1_185' title='bbox 650 2070 747 2105; x_wconf 89' lang='lat' dir='ltr'>pour</span> <span class='ocrx_word' id='word_1_186' title='bbox 774 2059 809 2094; x_wconf 81' lang='lat' dir='ltr'>la</span> <span class='ocrx_word' id='word_1_187' title='bbox 836 2062 983 2094; x_wconf 78' lang='lat' dir='ltr'>traison</span> <span class='ocrx_word' id='word_1_188' title='bbox 1010 2057 1101 2105; x_wconf 82' lang='lat' dir='ltr'>qu’il</span> <span class='ocrx_word' id='word_1_189' title='bbox 1130 2057 1156 2092; x_wconf 91' lang='grc'>11</span> <span class='ocrx_word' id='word_1_190' title='bbox 1184 2056 1338 2092; x_wconf 78' lang='lat' dir='ltr'>avoient</span> <span class='ocrx_word' id='word_1_191' title='bbox 1365 2055 1470 2098; x_wconf 79' lang='lat' dir='ltr'>faite,</span> <span class='ocrx_word' id='word_1_192' title='bbox 1492 2055 1523 2091; x_wconf 83' lang='lat' dir='ltr'>si</span> 
     </span>
     <span class='ocr_line' id='line_1_25' title="bbox 117 2114 1541 2164; baseline -0.003 -10"><span class='ocrx_word' id='word_1_193' title='bbox 117 2132 132 2151; x_wconf 90' lang='lat'>«</span> <span class='ocrx_word' id='word_1_194' title='bbox 156 2128 307 2154; x_wconf 87' lang='lat' dir='ltr'>comme</span> <span class='ocrx_word' id='word_1_195' title='bbox 327 2118 362 2154; x_wconf 89' lang='lat' dir='ltr'>le</span> <span class='ocrx_word' id='word_1_196' title='bbox 380 2117 487 2153; x_wconf 85' lang='lat' dir='ltr'>bailli</span> <span class='ocrx_word' id='word_1_197' title='bbox 508 2117 552 2153; x_wconf 89' lang='lat' dir='ltr'>de</span> <span class='ocrx_word' id='word_1_198' title='bbox 575 2118 681 2154; x_wconf 73' lang='lat' dir='ltr'>Caux</span> <span class='ocrx_word' id='word_1_199' title='bbox 701 2117 966 2164; x_wconf 82' lang='lat' dir='ltr'>tesmoignoit.</span> <span class='ocrx_word' id='word_1_200' title='bbox 985 2131 1001 2150; x_wconf 88' lang='lat'>»</span> <span class='ocrx_word' id='word_1_201' title='bbox 1022 2116 1133 2159; x_wconf 83' lang='lat' dir='ltr'>(Bibl.</span> <span class='ocrx_word' id='word_1_202' title='bbox 1157 2121 1254 2161; x_wconf 86' lang='lat' dir='ltr'>nat.,</span> <span class='ocrx_word' id='word_1_203' title='bbox 1271 2114 1380 2152; x_wconf 86' lang='lat' dir='ltr'>fonds</span> <span class='ocrx_word' id='word_1_204' title='bbox 1398 2115 1519 2163; x_wconf 69' lang='lat' dir='ltr'>franc.</span> <span class='ocrx_word' id='word_1_205' title='bbox 1538 2151 1541 2154; x_wconf 83' lang='grc'>,</span> 
     </span>
     <span class='ocr_line' id='line_1_26' title="bbox 114 2176 492 2223; baseline -0.003 -9"><span class='ocrx_word' id='word_1_206' title='bbox 114 2176 244 2222; x_wconf 70' lang='lat'>25996,</span> <span class='ocrx_word' id='word_1_207' title='bbox 266 2176 372 2223; x_wconf 77' lang='lat' dir='ltr'>piece</span> <span class='ocrx_word' id='word_1_208' title='bbox 394 2177 492 2223; x_wconf 70' lang='lat'>235.)</span> 
     </span>
    </p>

    <p class='ocr_par' dir='ltr' id='par_1_6' title="bbox 116 2233 1524 2519">
     <span class='ocr_line' id='line_1_27' title="bbox 161 2233 1523 2283; baseline -0.002 -11"><span class='ocrx_word' id='word_1_209' title='bbox 161 2236 197 2272; x_wconf 74' lang='lat'>2.</span> <span class='ocrx_word' id='word_1_210' title='bbox 222 2249 236 2269; x_wconf 91' lang='lat'>«</span> <span class='ocrx_word' id='word_1_211' title='bbox 263 2236 310 2271; x_wconf 90' lang='lat' dir='ltr'>Et</span> <span class='ocrx_word' id='word_1_212' title='bbox 330 2235 404 2271; x_wconf 83' lang='lat' dir='ltr'>dist</span> <span class='ocrx_word' id='word_1_213' title='bbox 426 2236 500 2272; x_wconf 90' lang='lat' dir='ltr'>l&#39;en</span> <span class='ocrx_word' id='word_1_214' title='bbox 522 2236 612 2283; x_wconf 86' lang='lat' dir='ltr'>qu’il</span> <span class='ocrx_word' id='word_1_215' title='bbox 634 2241 720 2272; x_wconf 78' lang='lat' dir='ltr'>eust</span> <span class='ocrx_word' id='word_1_216' title='bbox 741 2237 822 2272; x_wconf 77' lang='lat' dir='ltr'>este</span> <span class='ocrx_word' id='word_1_217' title='bbox 843 2234 1029 2272; x_wconf 81' lang='lat' dir='ltr'>desconfit</span> <span class='ocrx_word' id='word_1_218' title='bbox 1044 2245 1085 2270; x_wconf 86' lang='lat' dir='ltr'>se</span> <span class='ocrx_word' id='word_1_219' title='bbox 1100 2245 1144 2271; x_wconf 89' lang='lat' dir='ltr'>ce</span> <span class='ocrx_word' id='word_1_220' title='bbox 1162 2234 1288 2270; x_wconf 84' lang='lat' dir='ltr'>n’eust</span> <span class='ocrx_word' id='word_1_221' title='bbox 1301 2234 1382 2270; x_wconf 78' lang='lat' dir='ltr'>este</span> <span class='ocrx_word' id='word_1_222' title='bbox 1400 2233 1523 2281; x_wconf 79' lang='lat' dir='ltr'>l&#39;ayde</span> 
     </span>
     <span class='ocr_line' id='line_1_28' title="bbox 119 2293 1524 2342; baseline -0.001 -13"><span class='ocrx_word' id='word_1_223' title='bbox 119 2295 222 2331; x_wconf 84' lang='lat' dir='ltr'>«des</span> <span class='ocrx_word' id='word_1_224' title='bbox 255 2295 438 2331; x_wconf 87' lang='lat' dir='ltr'>Flamens</span> <span class='ocrx_word' id='word_1_225' title='bbox 471 2295 535 2342; x_wconf 89' lang='lat' dir='ltr'>qui</span> <span class='ocrx_word' id='word_1_226' title='bbox 568 2295 634 2342; x_wconf 91' lang='lat' dir='ltr'>luy</span> <span class='ocrx_word' id='word_1_227' title='bbox 667 2295 816 2331; x_wconf 84' lang='lat' dir='ltr'>alerent</span> <span class='ocrx_word' id='word_1_228' title='bbox 848 2295 870 2330; x_wconf 76' lang='lat' dir='ltr'>a</span> <span class='ocrx_word' id='word_1_229' title='bbox 904 2304 1060 2331; x_wconf 88' lang='lat' dir='ltr'>secours</span> <span class='ocrx_word' id='word_1_230' title='bbox 1093 2299 1211 2340; x_wconf 89' lang='lat' dir='ltr'>quant</span> <span class='ocrx_word' id='word_1_231' title='bbox 1244 2293 1292 2329; x_wconf 83' lang='lat' dir='ltr'>ilz</span> <span class='ocrx_word' id='word_1_232' title='bbox 1325 2293 1453 2329; x_wconf 82' lang='lat' dir='ltr'>virent</span> <span class='ocrx_word' id='word_1_233' title='bbox 1487 2293 1524 2328; x_wconf 87' lang='lat' dir='ltr'>la</span> 
     </span>
     <span class='ocr_line' id='line_1_29' title="bbox 119 2352 1522 2401; baseline -0.001 -13"><span class='ocrx_word' id='word_1_234' title='bbox 119 2368 133 2388; x_wconf 84' lang='lat'>«</span> <span class='ocrx_word' id='word_1_235' title='bbox 156 2353 313 2390; x_wconf 85' lang='lat' dir='ltr'>bataille</span> <span class='ocrx_word' id='word_1_236' title='bbox 335 2365 383 2389; x_wconf 89' lang='lat' dir='ltr'>en</span> <span class='ocrx_word' id='word_1_237' title='bbox 402 2354 439 2389; x_wconf 87' lang='lat' dir='ltr'>la</span> <span class='ocrx_word' id='word_1_238' title='bbox 458 2365 554 2390; x_wconf 87' lang='lat' dir='ltr'>mer.</span> <span class='ocrx_word' id='word_1_239' title='bbox 581 2367 595 2388; x_wconf 73' lang='lat' dir='ltr'>r&gt;</span> <span class='ocrx_word' id='word_1_240' title='bbox 618 2354 733 2395; x_wconf 87' lang='lat' dir='ltr'>(Bibl.</span> <span class='ocrx_word' id='word_1_241' title='bbox 757 2359 854 2400; x_wconf 85' lang='lat' dir='ltr'>nat.,</span> <span class='ocrx_word' id='word_1_242' title='bbox 877 2352 987 2389; x_wconf 84' lang='lat' dir='ltr'>fonds</span> <span class='ocrx_word' id='word_1_243' title='bbox 1012 2352 1133 2401; x_wconf 72' lang='lat' dir='ltr'>franc.</span> <span class='ocrx_word' id='word_1_244' title='bbox 1162 2352 1269 2398; x_wconf 70' lang='lat'>2598,</span> <span class='ocrx_word' id='word_1_245' title='bbox 1297 2352 1360 2389; x_wconf 89' lang='lat' dir='ltr'>fol.</span> <span class='ocrx_word' id='word_1_246' title='bbox 1388 2353 1428 2388; x_wconf 84' lang='grc'>51</span> <span class='ocrx_word' id='word_1_247' title='bbox 1452 2353 1522 2396; x_wconf 83' lang='lat' dir='ltr'>v0.)</span> 
     </span>
     <span class='ocr_line' id='line_1_30' title="bbox 116 2411 1524 2460; baseline -0.001 -11"><span class='ocrx_word' id='word_1_248' title='bbox 116 2414 309 2450; x_wconf 85' lang='lat' dir='ltr'>Froissart</span> <span class='ocrx_word' id='word_1_249' title='bbox 336 2419 495 2449; x_wconf 85' lang='lat' dir='ltr'>raconte</span> <span class='ocrx_word' id='word_1_250' title='bbox 523 2424 571 2449; x_wconf 91' lang='lat' dir='ltr'>en</span> <span class='ocrx_word' id='word_1_251' title='bbox 598 2414 686 2449; x_wconf 80' lang='lat' dir='ltr'>effet</span> <span class='ocrx_word' id='word_1_252' title='bbox 713 2414 831 2460; x_wconf 83' lang='lat' dir='ltr'>qu&#39;un</span> <span class='ocrx_word' id='word_1_253' title='bbox 858 2423 944 2460; x_wconf 84' lang='lat' dir='ltr'>gros</span> <span class='ocrx_word' id='word_1_254' title='bbox 972 2412 1118 2448; x_wconf 85' lang='lat' dir='ltr'>renfort</span> <span class='ocrx_word' id='word_1_255' title='bbox 1143 2412 1189 2448; x_wconf 83' lang='lat' dir='ltr'>de</span> <span class='ocrx_word' id='word_1_256' title='bbox 1216 2412 1370 2448; x_wconf 86' lang='lat' dir='ltr'>navires</span> <span class='ocrx_word' id='word_1_257' title='bbox 1392 2412 1474 2448; x_wconf 77' lang='lat' dir='ltr'>vint</span> <span class='ocrx_word' id='word_1_258' title='bbox 1502 2411 1524 2446; x_wconf 72' lang='grc' dir='ltr'>ἱῑ·</span> 
     </span>
     <span class='ocr_line' id='line_1_31' title="bbox 116 2463 1303 2519; baseline -0.001 -11"><span class='ocrx_word' id='word_1_259' title='bbox 116 2463 296 2509; x_wconf 75' lang='lat' dir='ltr'>Edouard</span> <span class='ocrx_word' id='word_1_260' title='bbox 316 2471 375 2507; x_wconf 87' lang='lat' dir='ltr'>III</span> <span class='ocrx_word' id='word_1_261' title='bbox 394 2473 491 2507; x_wconf 89' lang='lat' dir='ltr'>dans</span> <span class='ocrx_word' id='word_1_262' title='bbox 512 2472 766 2519; x_wconf 76' lang='lat' dir='ltr'>l&#39;apres-midi</span> <span class='ocrx_word' id='word_1_263' title='bbox 787 2471 858 2516; x_wconf 78' lang='lat' dir='ltr'>(ed.</span> <span class='ocrx_word' id='word_1_264' title='bbox 882 2472 999 2516; x_wconf 85' lang='lat' dir='ltr'>Luce,</span> <span class='ocrx_word' id='word_1_265' title='bbox 1022 2477 1048 2507; x_wconf 91' lang='lat' dir='ltr'>t.</span> <span class='ocrx_word' id='word_1_266' title='bbox 1071 2471 1122 2517; x_wconf 84' lang='grc' dir='ltr'>ΙΙ,</span> <span class='ocrx_word' id='word_1_267' title='bbox 1143 2482 1177 2518; x_wconf 83' lang='lat' dir='ltr'>p.</span> <span class='ocrx_word' id='word_1_268' title='bbox 1201 2472 1303 2513; x_wconf 81' lang='lat' dir='ltr'>xvn).</span> 
     </span>
    </p>

    <p class='ocr_par' dir='ltr' id='par_1_7' title="bbox 118 2529 1524 2816">
     <span class='ocr_line' id='line_1_32' title="bbox 166 2529 1524 2577; baseline -0.001 -10"><span class='ocrx_word' id='word_1_269' title='bbox 166 2532 199 2567; x_wconf 85' lang='lat'>3.</span> <span class='ocrx_word' id='word_1_270' title='bbox 226 2545 241 2565; x_wconf 89' lang='lat'>«</span> <span class='ocrx_word' id='word_1_271' title='bbox 265 2531 361 2567; x_wconf 87' lang='lat' dir='ltr'>Cum</span> <span class='ocrx_word' id='word_1_272' title='bbox 382 2531 544 2567; x_wconf 78' lang='lat' dir='ltr'>loesione</span> <span class='ocrx_word' id='word_1_273' title='bbox 567 2531 692 2577; x_wconf 80' lang='lat' dir='ltr'>gentis</span> <span class='ocrx_word' id='word_1_274' title='bbox 714 2537 855 2567; x_wconf 82' lang='lat' dir='ltr'>nostrae</span> <span class='ocrx_word' id='word_1_275' title='bbox 877 2541 956 2566; x_wconf 91' lang='lat' dir='ltr'>non</span> <span class='ocrx_word' id='word_1_276' title='bbox 972 2530 1121 2567; x_wconf 85' lang='lat' dir='ltr'>modica</span> <span class='ocrx_word' id='word_1_277' title='bbox 1136 2531 1364 2577; x_wconf 82' lang='lat' dir='ltr'>respective,</span> <span class='ocrx_word' id='word_1_278' title='bbox 1381 2543 1394 2563; x_wconf 90' lang='lat'>»</span> <span class='ocrx_word' id='word_1_279' title='bbox 1409 2529 1524 2565; x_wconf 85' lang='lat' dir='ltr'>disait</span> 
     </span>
     <span class='ocr_line' id='line_1_33' title="bbox 118 2588 1523 2637; baseline -0.002 -11"><span class='ocrx_word' id='word_1_280' title='bbox 118 2592 153 2627; x_wconf 93' lang='lat' dir='ltr'>le</span> <span class='ocrx_word' id='word_1_281' title='bbox 174 2590 229 2626; x_wconf 88' lang='lat' dir='ltr'>roi</span> <span class='ocrx_word' id='word_1_282' title='bbox 256 2589 526 2637; x_wconf 80' lang='lat' dir='ltr'>d&#39;Angleterre</span> <span class='ocrx_word' id='word_1_283' title='bbox 553 2600 602 2625; x_wconf 88' lang='lat' dir='ltr'>en</span> <span class='ocrx_word' id='word_1_284' title='bbox 629 2596 855 2637; x_wconf 67' lang='lat' dir='ltr'>annoncant</span> <span class='ocrx_word' id='word_1_285' title='bbox 882 2600 924 2625; x_wconf 84' lang='lat' dir='ltr'>sa</span> <span class='ocrx_word' id='word_1_286' title='bbox 946 2589 1105 2626; x_wconf 86' lang='lat' dir='ltr'>victoire</span> <span class='ocrx_word' id='word_1_287' title='bbox 1133 2590 1155 2625; x_wconf 70' lang='lat' dir='ltr'>a</span> <span class='ocrx_word' id='word_1_288' title='bbox 1183 2589 1452 2636; x_wconf 78' lang='lat' dir='ltr'>l&#39;archeveque</span> <span class='ocrx_word' id='word_1_289' title='bbox 1478 2588 1523 2624; x_wconf 89' lang='lat' dir='ltr'>de</span> 
     </span>
     <span class='ocr_line' id='line_1_34' title="bbox 120 2647 1521 2696; baseline -0.002 -10"><span class='ocrx_word' id='word_1_290' title='bbox 120 2649 364 2696; x_wconf 83' lang='lat' dir='ltr'>Canterbury</span> <span class='ocrx_word' id='word_1_291' title='bbox 387 2649 561 2696; x_wconf 81' lang='lat' dir='ltr'>(Rymer,</span> <span class='ocrx_word' id='word_1_292' title='bbox 585 2651 740 2692; x_wconf 75' lang='lat' dir='ltr'>Foedera,</span> <span class='ocrx_word' id='word_1_293' title='bbox 765 2649 822 2685; x_wconf 80' lang='lat' dir='ltr'>ed.</span> <span class='ocrx_word' id='word_1_294' title='bbox 841 2648 886 2684; x_wconf 92' lang='lat' dir='ltr'>de</span> <span class='ocrx_word' id='word_1_295' title='bbox 903 2648 1008 2695; x_wconf 77' lang='lat'>1821,</span> <span class='ocrx_word' id='word_1_296' title='bbox 1023 2654 1050 2684; x_wconf 88' lang='lat' dir='ltr'>t.</span> <span class='ocrx_word' id='word_1_297' title='bbox 1072 2649 1124 2695; x_wconf 76' lang='grc' dir='ltr'>Π,</span> <span class='ocrx_word' id='word_1_298' title='bbox 1141 2649 1178 2685; x_wconf 66' lang='lat'>22</span> <span class='ocrx_word' id='word_1_299' title='bbox 1192 2648 1328 2696; x_wconf 87' lang='lat' dir='ltr'>partie,</span> <span class='ocrx_word' id='word_1_300' title='bbox 1349 2660 1385 2694; x_wconf 82' lang='lat' dir='ltr'>p.</span> <span class='ocrx_word' id='word_1_301' title='bbox 1403 2647 1521 2693; x_wconf 71' lang='lat'><strong>1129).</strong></span> 
     </span>
     <span class='ocr_line' id='line_1_35' title="bbox 123 2706 1523 2756; baseline -0.001 -13"><span class='ocrx_word' id='word_1_302' title='bbox 123 2723 139 2743; x_wconf 90' lang='lat'>«</span> <span class='ocrx_word' id='word_1_303' title='bbox 161 2710 210 2745; x_wconf 85' lang='lat' dir='ltr'>Et</span> <span class='ocrx_word' id='word_1_304' title='bbox 230 2719 339 2756; x_wconf 86' lang='lat' dir='ltr'>apres</span> <span class='ocrx_word' id='word_1_305' title='bbox 361 2714 474 2756; x_wconf 84' lang='lat' dir='ltr'>grant</span> <span class='ocrx_word' id='word_1_306' title='bbox 494 2708 666 2745; x_wconf 86' lang='lat' dir='ltr'>occision</span> <span class='ocrx_word' id='word_1_307' title='bbox 686 2708 799 2745; x_wconf 84' lang='lat' dir='ltr'>faicte</span> <span class='ocrx_word' id='word_1_308' title='bbox 815 2707 927 2744; x_wconf 88' lang='lat' dir='ltr'>d‘une</span> <span class='ocrx_word' id='word_1_309' title='bbox 942 2708 1064 2755; x_wconf 83' lang='lat' dir='ltr'>partie</span> <span class='ocrx_word' id='word_1_310' title='bbox 1079 2714 1117 2744; x_wconf 91' lang='lat' dir='ltr'>et</span> <span class='ocrx_word' id='word_1_311' title='bbox 1131 2707 1307 2753; x_wconf 68' lang='lat' dir='ltr'>d&#39;austre,</span> <span class='ocrx_word' id='word_1_312' title='bbox 1333 2707 1387 2743; x_wconf 89' lang='lat' dir='ltr'>les</span> <span class='ocrx_word' id='word_1_313' title='bbox 1407 2706 1523 2742; x_wconf 87' lang='lat' dir='ltr'>Fran-</span> 
     </span>
     <span class='ocr_line' id='line_1_36' title="bbox 124 2766 1520 2816; baseline -0.001 -13"><span class='ocrx_word' id='word_1_314' title='bbox 124 2782 139 2802; x_wconf 80' lang='lat'><strong>«</strong></span> <span class='ocrx_word' id='word_1_315' title='bbox 163 2768 240 2816; x_wconf 67' lang='lat' dir='ltr'>cois</span> <span class='ocrx_word' id='word_1_316' title='bbox 255 2768 319 2816; x_wconf 90' lang='lat' dir='ltr'>qui</span> <span class='ocrx_word' id='word_1_317' title='bbox 334 2768 606 2805; x_wconf 87' lang='lat' dir='ltr'>demourerent</span> <span class='ocrx_word' id='word_1_318' title='bbox 627 2772 665 2803; x_wconf 85' lang='lat' dir='ltr'>et</span> <span class='ocrx_word' id='word_1_319' title='bbox 685 2767 749 2815; x_wconf 87' lang='lat' dir='ltr'>qui</span> <span class='ocrx_word' id='word_1_320' title='bbox 770 2778 811 2804; x_wconf 89' lang='lat' dir='ltr'>se</span> <span class='ocrx_word' id='word_1_321' title='bbox 832 2772 968 2815; x_wconf 87' lang='lat' dir='ltr'>porent</span> <span class='ocrx_word' id='word_1_322' title='bbox 989 2767 1143 2804; x_wconf 86' lang='lat' dir='ltr'>saulver</span> <span class='ocrx_word' id='word_1_323' title='bbox 1163 2766 1244 2803; x_wconf 84' lang='lat' dir='ltr'>s&#39;en</span> <span class='ocrx_word' id='word_1_324' title='bbox 1265 2766 1520 2815; x_wconf 84' lang='lat' dir='ltr'>departirent;</span> 
     </span>
    </p>
   </div>
  </div>
 </body>
</html>
