1923 3358
380 305 422 340 36
650 304 1017 339 CHRONOGRAPHIA
1042 303 1194 335 REGUM
1219 301 1498 335 FRANCORUM.
1669 300 1771 348 [1337

375 403 544 451 magno
577 401 786 433 numero.
816 383 895 430 Die
922 399 1033 429 vero
1060 382 1161 429 festi
1191 382 1248 429 de
1277 398 1429 438 mane,
1459 382 1691 431 Robertus
1716 383 1774 430 de

373 463 584 512 Arthesio
610 461 721 509 exiit
746 460 804 508 de
829 459 1014 507 civitate
1038 459 1097 506 ad
1124 458 1401 522 capiendum
1422 475 1531 506 aves
1555 459 1613 506 de
1635 460 1775 507 falco-

372 540 507 586 nibus
528 538 645 594 suis;
668 542 800 600 capta
822 535 963 600 igitur
983 552 1085 592 ave,
1110 552 1200 598 que
1220 534 1359 582 ardea
1382 533 1567 592 dicitur,
1591 551 1776 599 regres-

372 632 450 663 sus
482 620 552 662 est
583 614 833 662 Londoniis
866 619 912 660 et
944 612 1156 660 eamdem
1189 628 1325 659 avem
1356 611 1455 675 regi
1488 610 1771 669 Edowardo,

369 692 415 738 in
443 708 524 738 sua
550 708 708 738 mensa
735 690 913 738 sedenti
941 689 1122 746 detulit,
1152 688 1312 736 dicens
1339 688 1464 751 quod
1495 687 1776 736 timidiorem

369 785 504 816 avem
520 768 643 815 inter
663 768 841 832 species
858 767 1031 824 avium,
1053 767 1207 814 minus
1227 765 1387 814 audaci
1408 765 1507 830 regi
1524 765 1583 813 de
1600 765 1776 813 mundo

369 847 609 894 offerebat.
642 866 662 891 (ι
691 849 822 904 Nam,
855 866 875 891 1>
903 846 1068 909 inquit,
1101 865 1120 890 ε(
1151 851 1201 893 ut
1227 844 1353 892 omni
1379 844 1569 892 audacia
1592 861 1772 901 carens,

373 942 393 967 α
424 939 516 969 non
537 922 646 970 estis
666 940 806 970 ausus
828 923 1065 986 requirere
1084 938 1281 986 regnum
1300 922 1488 969 Francie
1506 921 1633 984 quod
1651 927 1776 969 recta

373 1019 393 1043 (ι
424 999 541 1047 linea
565 999 701 1046 vobis
728 1000 944 1062 pertinet.
975 1020 994 1043 ›>
1025 999 1199 1057 Quibus
1226 998 1382 1046 verbis
1405 1016 1429 1045 a
1457 998 1649 1062 singulis
1669 1015 1776 1062 pre-

369 1076 576 1124 sentibus
602 1076 786 1133 auditis,
812 1093 912 1133 rex,
938 1081 1046 1139 post
1074 1075 1404 1138 aliquantulam
1430 1075 1772 1139 cogitationem,

368 1168 474 1199 cum
495 1153 589 1200 risu
610 1153 852 1217 respondit
876 1153 915 1200 ei
941 1170 949 1199 :
976 1172 995 1196 c(
1019 1153 1063 1200 Si
1084 1152 1273 1199 minime
1294 1151 1517 1199 audacem
1539 1169 1613 1200 me
1633 1169 1776 1215 repu-

372 1248 392 1273 ‹1
423 1229 552 1287 tatis,
593 1230 680 1277 hoc
717 1230 895 1278 ratione
931 1235 977 1277 et
1011 1246 1148 1276 causa
1187 1235 1373 1292 patente
1413 1229 1773 1292 comprobatum

372 1325 392 1350 ε(
424 1307 642 1368 quoniam
664 1307 898 1354 maliciose
918 1307 1144 1370 deceptus
1166 1306 1246 1363 fui,
1269 1323 1375 1354 cum
1395 1306 1519 1370 apud
1539 1306 1776 1354 Ambianis

373 1401 392 1425 <z
424 1381 509 1428 feci
541 1382 807 1446 homagium
842 1383 1053 1447 Philippo
1085 1382 1142 1430 de
1174 1382 1380 1440 Valesio,
1416 1387 1639 1446 tanquam
1675 1383 1776 1448 regi

372 1477 391 1501 (ι
423 1459 630 1506 Francie,
672 1462 801 1506 Nunc
841 1466 996 1507 autem
1032 1477 1182 1507 voveo
1219 1463 1313 1507 Deo
1351 1466 1397 1507 et
1434 1461 1540 1508 huic
1574 1460 1648 1507 avi
1685 1477 1776 1524 que

373 1554 392 1578 c<
423 1536 694 1583 naturaliter
726 1537 888 1584 timida
926 1544 996 1584 est
1032 1554 1084 1584 ac
1118 1537 1252 1584 uxori
1287 1553 1390 1584 mee
1425 1537 1551 1600 quod
1587 1553 1691 1584 eam
1729 1536 1775 1583 in

374 1630 393 1655 c<
425 1612 631 1675 reginam
652 1613 841 1660 Francie
864 1613 1055 1660 elevabo
1078 1619 1327 1676 antequam
1349 1630 1497 1661 annus
1520 1613 1578 1660 ab
1598 1614 1683 1661 hac
1702 1613 1775 1661 die

372 1706 392 1731 α
424 1687 628 1745 labatur;
654 1694 698 1735 et
727 1690 762 1736 si
783 1689 1021 1752 Philippus
1049 1690 1106 1737 de
1126 1690 1306 1739 Valesio
1331 1690 1469 1737 michi
1495 1690 1771 1747 obviaverit,

371 1783 391 1808 <t
422 1764 575 1827 ipsum
608 1766 802 1813 viriliter
834 1767 1144 1831 impugnabo,
1178 1767 1283 1814 licet
1315 1783 1407 1814 non
1437 1767 1658 1815 haberem
1688 1767 1776 1814 nisi

371 1858 391 1882 ε(
422 1857 565 1887 unum
592 1842 833 1905 Anglicum
858 1849 1018 1890 contra
1045 1860 1127 1889 sex
1155 1843 1370 1890 Gallicos.
1406 1863 1425 1886 ))

431 1920 486 1963 Et
507 1917 738 1965 Robertus
758 1918 816 1966 de
836 1919 1050 1966 Arthesio
1078 1920 1154 1982 qui
1182 1921 1290 1967 totis
1311 1920 1489 1967 viribus
1515 1920 1771 1968 conabatur

368 1991 543 2040 tedium
574 2001 619 2041 et
650 2011 901 2059 gravamen
933 1997 1144 2060 Philippo
1178 1997 1277 2061 regi
1313 2013 1585 2060 procurare,
1616 1997 1775 2046 audito

366 2085 476 2133 rege
502 2071 785 2126 Edowardo,
810 2072 962 2119 ridere
988 2073 1110 2136 cepit
1136 2073 1450 2136 altissimaque
1477 2090 1591 2121 voce
1618 2074 1775 2139 singu-

366 2145 435 2191 los
455 2147 688 2210 principes
711 2155 914 2196 astantes
933 2150 1222 2212 persuadens
1244 2157 1293 2198 ut
1315 2151 1436 2197 votis
1457 2151 1774 2199 consimilibus

367 2222 464 2285 regi
492 2229 785 2272 necterentur
811 2226 869 2273 ad
902 2227 971 2273 sui
998 2227 1218 2290 juvamen
1246 2234 1290 2275 et
1320 2231 1605 2276 Francorum
1632 2244 1774 2286 nocu-

367 2305 574 2346 mentum
606 2317 685 2348 seu
713 2319 981 2365 gravamen,
1012 2305 1288 2367 vocavitque
1314 2321 1454 2352 unam
1479 2304 1772 2352 domicellam

366 2373 412 2420 in
432 2391 591 2422 mensa
611 2378 865 2434 sedentem,
891 2380 961 2427 cui
984 2381 1195 2443 porrexit
1214 2381 1404 2429 ardeam
1427 2388 1477 2429 ut
1497 2398 1654 2429 secum
1676 2381 1773 2428 def-

366 2449 529 2506 ferret,
568 2451 725 2499 dicens
763 2471 811 2500 se
844 2457 1149 2503 rememorari
1190 2464 1408 2504 votorum
1447 2457 1644 2520 pavonis
1682 2473 1772 2520 quc

365 2526 562 2574 condam
588 2531 748 2584 Porus,
780 2531 1001 2579 Indorum
1028 2550 1128 2590 rex,
1157 2541 1349 2581 voverat
1375 2540 1421 2581 et
1442 2534 1642 2597 qualiter
1667 2533 1766 2581 avis

366 2603 639 2665 portabatur
659 2623 683 2651 a
701 2606 956 2656 domicella.
976 2614 1039 2657 De
1057 2611 1226 2673 quibus
1243 2610 1434 2674 quidem
1448 2611 1587 2668 votis,
1607 2627 1770 2674 quam-

364 2694 503 2740 quam
538 2680 727 2727 historia
762 2682 1027 2742 Alexandri,
1066 2687 1142 2748 qui
1172 2687 1273 2750 (sic)
1305 2687 1363 2735 de
1393 2690 1514 2734 Poro
1540 2686 1765 2749 loquitur,

367 2759 500 2811 tacet,
532 2762 684 2804 tamen
705 2758 862 2820 gallice
885 2760 1056 2822 scripta
1083 2762 1312 2809 habentur
1332 2781 1357 2809 a
1384 2762 1541 2810 multis
1561 2762 1768 2826 proceri-
