1923 3358
134 252 224 290 1369
236 257 273 288 et
286 252 390 298 1368]
407 256 779 290 CHRONOGRAPHIA
805 257 959 290 REGUM
985 256 1265 289 FRANCORUM.
1472 253 1540 291 335

196 340 254 384 Et
270 337 378 385 inde
399 353 484 385 rex
508 338 750 394 Henricus,
774 337 935 385 abiens
955 343 1063 385 ante
1083 337 1312 395 Toletum,
1335 337 1542 385 ostendit

130 413 197 462 eis
219 421 361 478 caput
385 415 509 462 Petri
534 415 684 480 regis;
710 414 808 478 qui,
833 415 921 462 hoc
942 415 1059 473 viso,
1083 415 1238 463 statim
1258 431 1308 462 se
1325 414 1544 463 reddide-

129 497 240 539 runt
273 507 380 540 cum
414 492 626 556 pluribus
664 492 784 539 villis
816 492 874 539 de
905 492 1073 555 patria,
1110 497 1157 540 et
1194 497 1376 540 tantum
1414 491 1542 555 quod

131 569 395 616 nominatus
421 574 492 615 est
515 584 600 615 rex
624 567 844 630 Hispanie
871 574 920 615 et
945 568 1156 616 Castelle.

194 646 275 693 His
308 646 474 693 diebus
500 651 783 709 procurante
808 647 1085 709 Margareta,
1115 646 1351 694 comitissa
1377 646 1544 694 Arthe-

129 722 201 779 sii,
225 728 376 770 matre
392 720 632 778 Ludovici,
654 721 838 769 comitis
855 721 1118 778 Flandrie1‚
1142 728 1311 787 ruptus
1332 729 1403 770 est
1422 728 1544 771 trac-

127 803 252 846 tatus
278 799 357 862 qui
388 797 530 845 fiebat
565 798 689 845 inter
722 798 1062 854 Edowardum‚
1102 815 1265 864 regem
1302 800 1465 865 Anglie
1498 806 1545 847 et

128 875 395 939 predictum
415 874 636 923 comitem
663 875 876 923 Flandrie
897 882 1094 939 propter
1119 877 1468 924 matrimonium
1485 877 1543 925 de

128 952 356 1008 Johanne,
393 951 512 999 duce
547 951 830 1009 Lencastrie,
862 952 959 999 filio
991 952 1201 1017 ejusdem
1233 954 1377 1018 regis,
1414 954 1544 1018 cujus

129 1045 249 1077 uxor
288 1029 554 1076 decesserat
595 1034 640 1076 et
683 1032 958 1094 Margareta‚
1003 1030 1096 1077 filia
1133 1036 1180 1078 et
1218 1031 1391 1079 herede
1433 1031 1541 1078 dicti

127 1105 310 1153 comitis
347 1105 587 1163 Flandrie,
628 1123 719 1169 que
761 1105 940 1153 dudum
979 1106 1284 1169 desponsavit
1322 1106 1543 1170 juvenem

127 1183 296 1231 ducem
321 1182 608 1247 Burgundie,
639 1188 690 1230 ut
716 1182 893 1230 dictum
922 1188 992 1229 est
1019 1199 1181 1246 supra.

191 1259 367 1307 Deinde
383 1264 666 1323 procurante
681 1259 892 1322 predicta
912 1258 1150 1307 comitissa
1176 1259 1396 1317 Arthesii,
1421 1264 1544 1308 trac-

128 1341 276 1383 tatum
303 1342 373 1384 est
399 1336 749 1383 matrimonium
769 1336 828 1384 de
848 1335 1078 1400 Philippo,
1109 1336 1228 1383 duce
1252 1335 1538 1400 Burgundie,

128 1413 271 1461 fratre
294 1413 478 1461 minore
505 1413 679 1470 Karoli,
703 1412 829 1477 regis
855 1413 1045 1460 Francie
1071 1417 1117 1459 et
1141 1412 1264 1460 dicta
1285 1413 1377 1459 filia
1398 1412 1543 1459 comi-

125 1489 187 1538 tis
222 1490 453 1537 Flandrie.
497 1490 642 1554 Hujus
685 1506 845 1546 causa,
894 1489 1103 1552 prefatus
1153 1506 1237 1536 rex
1281 1489 1472 1537 Francie
1515 1506 1543 1536 a

126 1566 328 1614 Parisius
371 1566 498 1614 venit
542 1569 803 1614 Tornacum
820 1567 838 1594 ²
891 1565 1051 1629 ibique
1097 1567 1426 1614 confirmatum
1470 1571 1543 1613 est

126 1642 251 1690 idem
273 1643 643 1699 matrimonium,
671 1643 737 1690 sic
757 1642 884 1705 quod
909 1641 1035 1689 idem
1055 1659 1139 1689 rex
1160 1642 1365 1690 restituit
1384 1642 1543 1689 comiti

126 1719 340 1768 Flandrie
377 1720 554 1767 Insulas
599 1726 644 1768 et
684 1723 892 1767 Duacum
935 1723 984 1766 et
1023 1719 1178 1766 omnia
1221 1718 1542 1782 appendencia

125 1796 359 1861 ipsarum,
398 1797 511 1845 olim
544 1815 570 1844 a
606 1813 717 1861 rege
749 1796 963 1860 Philippo
1000 1796 1166 1843 Pulcro
1204 1795 1539 1859 acquisitarum

126 1890 269 1937 super
297 1873 557 1922 Guidonem
586 1874 825 1921 comitem.
861 1876 1058 1935 Insuper
1090 1872 1309 1936 quittavit
1341 1873 1541 1921 Flamin-

125 1967 212 2015 gos
246 1950 305 1998 ab
341 1950 561 1998 omnibus
588 1950 761 1998 debitis
797 1967 879 1998 seu
911 1949 1203 1997 redevanciis
1238 1949 1542 2012 quibuscum-

175 2089 208 2123 1.
231 2087 291 2123 En
317 2087 420 2132 effeta,
444 2086 680 2133 Marguerite
706 2086 776 2122 mit
801 2089 908 2122 toute
936 2096 1007 2122 son
1034 2085 1230 2122 influence
1251 2096 1299 2121 au
1322 2086 1471 2123 service
1491 2086 1542 2122 du

126 2146 250 2194 projet
270 2146 316 2183 de
336 2145 508 2193 mariage
530 2145 684 2182 caresse
705 2156 774 2191 par
793 2144 953 2181 Gharles
977 2143 1009 2179 V
1034 2144 1179 2189 (Bai-on
1200 2144 1363 2192 Kervyn
1384 2144 1429 2181 de
1450 2145 1541 2182 Let-

127 2206 310 2252 tenhove,
325 2207 485 2242 Histoire
504 2206 546 2241 de
566 2205 736 2247 Flandre,
757 2208 786 2241 t.
802 2203 874 2250 III,
895 2214 931 2250 p.
955 2203 1038 2250 406,
1060 2208 1098 2240 et
1118 2205 1280 2241 Grandes
1302 2204 1538 2251 Chroniques,

127 2270 155 2301 t.
178 2264 249 2310 VI,
271 2276 306 2312 p.
329 2264 427 2309 264).

174 2323 208 2360 2.
232 2323 393 2360 Charles
413 2323 450 2358 V
471 2323 546 2359 alla
571 2323 593 2358 a
613 2322 783 2359 Tournai
809 2321 1102 2369 probablement
1134 2333 1183 2358 au
1211 2321 1328 2358 debut
1361 2322 1411 2358 du
1443 2322 1542 2359 mois

128 2381 174 2418 de
194 2381 411 2428 septembre
428 2381 517 2418 1368
539 2381 593 2427 (E.
611 2381 726 2427 Petit,
747 2383 793 2416 les
813 2382 961 2426 Se'jours
981 2382 1025 2415 de
1041 2381 1190 2416 Charles
1211 2382 1244 2422 V,
1262 2392 1298 2427 p.
1322 2381 1382 2427 26,
1400 2386 1490 2417 note
1505 2381 1539 2427 ΞΖ,

129 2446 166 2476 et
192 2442 354 2476 Grandes
382 2441 618 2486 Chroniques,
647 2445 675 2476 t.
702 2439 769 2485 VI,
795 2451 832 2486 p.
856 2440 960 2485 264);
986 2439 1085 2475 mais
1104 2440 1139 2476 le
1160 2445 1287 2476 comte
1308 2440 1354 2476 de
1376 2440 1542 2476 Flandre

128 2499 281 2536 declina
299 2505 405 2536 toute
426 2505 627 2536 entrevue.
644 2499 699 2534 La
720 2498 943 2534 restitutioni
964 2498 1030 2534 des
1050 2499 1179 2545 places
1201 2499 1318 2537 fortes
1339 2504 1378 2536 et
1395 2499 1541 2535 l’aban-

128 2558 204 2594 don
226 2558 292 2594 des
319 2557 593 2594 reclamations
618 2556 862 2604 pecuniaires
888 2556 934 2593 de
962 2557 999 2593 la.
1022 2557 1173 2594 France
1200 2562 1338 2594 eurent
1364 2558 1442 2593 lieu
1471 2568 1541 2604 par

127 2616 241 2653 traite
262 2615 312 2652 du
334 2616 378 2652 12
398 2616 495 2652 avril
516 2615 606 2652 1369
629 2615 773 2661 (Baron
793 2615 969 2663 Kervyn,
990 2627 1044 2662 op.
1067 2619 1142 2660 eit„
1166 2621 1192 2653 t.
1213 2616 1285 2662 ΙΙΙ,
1308 2627 1343 2663 p.
1367 2616 1463 2661 403).
1487 2616 1541 2652 Le

129 2675 301 2722 mariage
322 2675 379 2711 fut
399 2674 550 2712 celebre
576 2675 611 2711 le
633 2675 675 2711 19
693 2674 778 2722 Juin
799 2673 845 2711 de
866 2675 902 2711 la
928 2674 1054 2711 meme
1075 2676 1201 2712 annee
1225 2676 1402 2721 (Grandes
1424 2675 1539 2712 Chro-

131 2737 271 2780 niques,
294 2741 322 2771 t.
345 2734 413 2780 VI,
435 2746 471 2781 p.
496 2734 592 2781 307).
