1923 3358
129 295 346 341 1363-1364]
399 299 769 332 GHRONOGRAPHIA
796 299 948 332 REGUM
974 299 1253 332 FRANGORUM.
1462 297 1525 333 301

125 394 254 435 rum,
296 378 415 426 sicut
451 378 664 441 superius
704 394 788 425 suo
828 378 928 424 loco
966 384 1036 425 cst
1074 379 1295 434 relatum,
1334 377 1532 426 insulam

126 455 250 518 Cipri
276 471 364 518 pro
391 472 558 519 magna
578 454 773 517 pecunie
794 471 975 502 summa
997 455 1223 512 vendidit,
1245 454 1303 502 de
1329 471 1532 518 quorum

124 548 296 595 genere
322 532 543 595 prodiens
564 531 802 578 asserebat
822 531 1137 579 hereditaliter
1155 532 1242 579 sibi
1263 538 1531 595 competere

124 614 170 655 et
199 625 293 655 non
324 609 546 662 Johanne,
582 607 743 671 regine
778 607 1067 655 Jherusalem
1102 613 1148 654 et
1187 608 1336 656 Sicilie
1375 624 1528 671 neque

123 684 472 732 successoribus
507 683 730 732 Johannis
763 683 962 731 condam
997 683 1180 731 comitis
1211 685 1527 741 Briennensis,

121 760 247 824 regis
289 759 708 816 Jherosolimitani,
750 759 881 824 cujus
925 759 1066 807 filiam
1108 761 1217 807 olim
1254 761 1529 809 Fredericus

120 837 379 901 imperator
398 837 559 884 habuit
576 852 791 884 uxorem.
815 840 871 884 Et
887 836 1079 884 veniens
1099 837 1223 885 idem
1240 854 1326 886 rex
1343 837 1532 885 Avinio-

122 930 228 961 nem
251 913 309 961 ad
332 914 566 977 prefatum
586 916 759 976 Papam
779 913 1036 970 Urbanum,
1058 914 1137 961 ubi
1158 920 1258 961 erat
1277 915 1526 971 Johannes,

120 1007 204 1038 rex
238 994 542 1047 Francorum,
580 990 699 1037 sicut
733 989 910 1037 dictum
945 996 1032 1046 est,
1071 990 1183 1038 abiit
1214 1008 1300 1054 per
1334 1007 1531 1055 regnum

119 1067 309 1114 Francie
335 1067 381 1114 in
407 1067 620 1131 Angliam
645 1066 704 1113 ad
728 1066 1064 1124 Edowardum,
1092 1083 1254 1131 regern
1281 1067 1462 1131 Anglie,
1486 1072 1532 1113 et

118 1143 226 1191 inde
253 1161 337 1207 per
362 1144 603 1191 Franciam
628 1143 829 1197 rediens,
857 1144 970 1191 abiit
991 1144 1037 1190 in
1057 1160 1257 1208 regnum
1283 1143 1527 1191 Bohemie1

119 1220 177 1267 ad
204 1224 483 1285 Pragensem
510 1219 761 1277 civitatem,
792 1220 869 1267 ubi
896 1221 1119 1268 Karolum
1146 1237 1328 1285 regem,
1359 1223 1529 1267 Roma-

119 1314 380 1360 norumque
408 1297 740 1360 imperatorem
766 1297 1021 1360 repperit2,
1052 1297 1130 1361 qui
1158 1313 1267 1344 eum
1298 1313 1404 1344 cum
1432 1313 1530 1343 ma-

118 1373 244 1421 xima
264 1373 621 1421 honorificencia
640 1373 835 1436 recepit.
858 1373 1034 1421 Deinde
1058 1374 1300 1431 recedens,
1326 1374 1372 1420 in
1393 1374 1527 1421 Polo-

117 1450 242 1497 niam
261 1450 470 1513 perrexit
488 1456 535 1496 et
554 1449 674 1497 illius
691 1449 824 1514 regni
844 1466 1006 1514 regern
1028 1450 1075 1496 in
1096 1450 1393 1498 Gracoviensi
1417 1450 1520 1514 (sic)

118 1527 233 1574 urbe
257 1544 339 1575 sua
359 1527 536 1574 invenit
562 1527 641 1589 qui
670 1542 778 1574 eum
796 1533 1070 1574 reverenter
1091 1543 1199 1575 cum
1216 1527 1423 1575 maximo
1442 1527 1527 1575 ho-

117 1621 232 1652 nore
252 1605 453 1668 excepit,
483 1603 657 1667 quique
678 1603 785 1650 fecit
801 1602 864 1650 ibi
883 1619 1105 1668 magnum
1122 1604 1293 1652 festum
1322 1605 1391 1653 sui
1416 1621 1525 1651 con—

115 1681 417 1745 templatione
435 1687 480 1728 et
494 1696 672 1737 amore,
693 1679 740 1726 in
761 1696 855 1743 quo
872 1680 1122 1737 affuerunt,
1137 1697 1242 1728 cum
1258 1681 1415 1728 multis
1429 1686 1525 1728 tam

114 1758 404 1822 principibus
426 1774 566 1821 quam
592 1756 784 1820 prelatis
804 1762 851 1803 et
870 1756 985 1814 aliis,
1012 1762 1249 1821 pretactus
1268 1758 1528 1822 imperator

115 1841 162 1883 et
186 1835 466 1893 Ludovicus,
496 1851 580 1882 rex
606 1833 884 1898 Hungarie3,
914 1834 961 1881 in
986 1851 1134 1899 regno
1163 1835 1312 1900 cujus,
1339 1835 1386 1882 in
1412 1852 1527 1898 qua-

164 1981 197 2015 1.
218 1979 410 2015 Froissart
431 1989 480 2014 au
502 1979 695 2015 contraire
722 1978 789 2015 fait
810 1979 905 2015 aller
925 1978 1080 2015 d’ahord
1100 1979 1135 2016 lc
1157 1979 1213 2015 roi
1233 1979 1279 2015 de
1301 1978 1454 2026 Chypre
1475 1989 1525 2015 en

113 2037 360 2086 Allemagne,
394 2038 479 2085 puis
512 2048 561 2074 en
586 2037 833 2085 Angleterre.
863 2038 896 2073 Il
924 2043 982 2074 est
1007 2038 1093 2084 plus
1119 2037 1300 2084 prohable
1328 2048 1402 2085 que
1431 2037 1525 2074 c’est

113 2097 293 2134 l'inverse
315 2097 378 2144 qui
399 2102 464 2132 eut
485 2096 576 2142 lieu,
604 2106 753 2132 comme
776 2096 809 2131 16
830 2095 884 2131 dit
912 2100 1022 2131 notre
1045 2095 1269 2142 chronique.
1302 2094 1335 2130 Il
1355 2105 1468 2142 passa
1489 2095 1526 2130 la

113 2156 166 2192 fin
180 2156 225 2192 de
240 2157 391 2192 l'annee
408 2155 560 2202 11363,1e
576 2155 674 2192 mois
688 2155 733 2191 de
746 2155 899 2202 janvier
915 2154 1004 2191 1364
1020 2165 1067 2190 en
1080 2154 1313 2201 Angleterre
1329 2159 1366 2190 et
1382 2153 1523 2190 assisia

114 2227 190 2251 aux
204 2216 392 2263 obseques
412 2214 461 2250 du
479 2215 534 2250 roi
553 2215 654 2250 Jean
675 2220 711 2251 et
732 2225 780 2250 au
802 2218 1111 2250 couronnement
1126 2213 1171 2248 de
1188 2223 1258 2249 son
1279 2224 1522 2250 successeur.

111 2275 145 2311 ll
159 2275 275 2322 partit
289 2275 455 2320 ensuite,
466 2274 594 2322 quand
610 2273 692 2310 vint
708 2273 794 2309 Pete
809 2273 855 2309 de
872 2273 977 2319 1364,
993 2283 1089 2319 pour
1100 2272 1370 2320 l'ffllemagne,
1383 2283 1524 2319 poussa

110 2334 289 2381 jusqu’en
320 2334 490 2380 Pologne
518 2339 555 2369 et
587 2344 636 2369 en
665 2332 855 2368 Autriche
882 2337 932 2377 et,
963 2343 1111 2368 comme
1137 2332 1172 2367 16
1198 2331 1383 2368 confirme
1412 2337 1522 2368 notre

114 2393 342 2439 chronique,
363 2392 561 2428 descendit
578 2391 731 2438 jusqu‘a
754 2391 913 2437 Venise,
929 2392 978 2426 ou
999 2391 1024 2426 il
1046 2390 1174 2427 arriva
1195 2391 1228 2427 le
1251 2392 1288 2427 11
1310 2390 1520 2427 novembre

114 2452 203 2487 4364
221 2452 274 2498 (L.
292 2452 337 2487 de
359 2451 442 2487 Mas
464 2451 607 2495 Latrie,
624 2453 782 2486 Histoire
801 2452 842 2486 de
864 2450 936 2486 l’ile
956 2451 997 2485 de
1020 2451 1161 2496 Chypre
1180 2461 1261 2486 sous
1284 2452 1313 2486 le
1333 2453 1441 2495 reyne
1462 2451 1520 2485 des

110 2513 256 2556 princes
274 2512 315 2546 de
337 2513 374 2546 la
394 2514 538 2546 maison
558 2512 599 2545 de
621 2512 822 2555 Lusiynan‚
842 2514 869 2545 t.
892 2509 946 2555 ΙΙ,
967 2520 1003 2556 p.
1026 2509 1124 2556 240).

159 2569 192 2604 ⁶2.
216 2569 258 2604 L.
283 2568 328 2604 de
349 2569 433 2604 Mas
454 2569 596 2614 Latrie,
619 2571 655 2604 la
674 2570 776 2604 Prise
801 2569 1121 2613 d’Aleoeandrvte...,
1142 2579 1211 2616 par
1232 2568 1452 2605 Guillaume
1474 2568 1521 2604 de

111 2627 308 2673 Machaut,
329 2627 586 2674 publications
608 2626 652 2663 de
674 2627 711 2663 la
732 2626 885 2663 Societe
906 2626 951 2663 de
971 2626 1134 2664 l'Orient
1154 2628 1266 2674 latin,
1283 2626 1380 2663 serie
1401 2627 1521 2664 histo-

112 2687 235 2734 rique,
258 2692 284 2722 t.
309 2686 340 2733 Ι,
361 2698 398 2733 p.
422 2686 479 2722 30.

159 2746 193 2782 3.
216 2746 462 2793 L’empereur
483 2756 745 2793 accompagna
766 2745 800 2781 le
822 2745 879 2782 roi
900 2745 946 2782 de
966 2745 1117 2794 Chypre
1139 2757 1188 2783 en
1210 2746 1381 2794 Pologne
1406 2759 1412 2781 2

443 2819 493 2849 De
512 2817 544 2849 la
566 2826 608 2850 en
629 2817 754 2850 Cracoe
775 2817 976 2858 arriverent,
