1923 3358
368 245 434 282 218
639 246 1006 279 CHRONOGRAPHIA
1033 245 1185 277 REGUM
1210 244 1487 276 FRANCORUM.
1656 237 1762 285 [1346

367 334 440 376 tra
467 332 627 374 contra
656 329 857 372 Francos
883 324 962 388 qui
994 324 1041 371 in
1068 323 1360 372 multitudine
1386 323 1588 371 maxima
1607 323 1765 371 venie-

369 404 525 453 bant1.

428 484 574 528 Porro
603 478 698 527 dux
726 478 1009 526 Normannie
1029 478 1161 542 quasi
1188 494 1294 526 cum
1322 477 1558 541 octoginta
1582 476 1767 525 milibus

365 557 608 605 hominum
636 572 875 603 armorum
898 555 1026 603 venit
1055 561 1160 603 ante
1184 555 1419 603 civitatem
1444 553 1767 618 Angolismen-

366 649 464 680 sem
490 639 537 680 et
562 631 746 679 obsedit
771 634 928 688 eam²;
958 632 1133 696 pluries
1159 638 1314 679 autem
1343 630 1558 678 exierunt
1588 629 1767 694 Anglici

364 715 525 758 contra
550 713 776 766 Francos;
805 708 888 756 sed
914 708 1114 756 multum
1134 707 1459 771 perdiderunt.
1483 709 1598 754 Nam
1618 723 1767 770 quon-

364 786 473 834 dam
499 785 658 841 semel,
688 785 732 832 in
755 785 961 848 quodam
983 800 1148 832 eorum
1173 784 1319 840 exitu,
1349 800 1508 831 comes
1533 783 1593 831 de
1616 783 1768 830 Insula

363 863 540 928 fugavit
570 879 652 910 eos
686 862 732 908 in
768 861 1004 909 civitatem
1041 877 1147 908 cum
1178 861 1392 924 ipsorum
1423 876 1593 924 magno
1625 858 1769 906 detri-

363 946 539 987 mentO.
569 943 766 987 Tantum
791 954 906 985 vero
932 943 1206 1001 persecutus
1235 943 1307 983 est
1335 953 1416 984 eos
1447 936 1575 999 quod
1604 941 1769 999 captus

364 1022 498 1064 estet
523 1017 690 1064 ductus
710 1017 755 1063 in
779 1015 1040 1072 civitatem3
1064 1020 1221 1061 tamen
1239 1013 1546 1077 postmodum
1567 1029 1655 1077 pro
1674 1029 1768 1060 uno

363 1093 452 1141 alio
478 1093 742 1157 prisonario
768 1092 991 1139 liberatus
1018 1097 1106 1139 est.

429 1172 593 1218 Comes
624 1170 778 1232 itaque
809 1167 1105 1216 Herbicensis
1132 1167 1295 1215 videns
1327 1172 1608 1230 potestatem
1638 1165 1770 1214 ducis

364 1247 662 1302 Normannie‚
693 1245 935 1308 requisivit
952 1244 1010 1292 ab
1036 1261 1092 1292 eo
1112 1244 1321 1292 inducias
1341 1244 1483 1291 trium
1503 1243 1685 1291 dierum
1710 1242 1769 1290 ad

364 1322 626 1370 faciendum
642 1338 789 1370 unum
808 1321 1151 1385 parlamentum
1170 1339 1178 1367 :
1198 1321 1326 1384 quod
1344 1321 1384 1369 ei
1405 1320 1635 1368 concessit
1651 1319 1766 1367 dux.

364 1399 538 1446 Deinde
574 1398 852 1447 durantibus
882 1398 1078 1462 treugis,
1112 1414 1270 1445 comes
1299 1414 1405 1445 cum
1441 1397 1538 1445 suis
1567 1397 1771 1461 Anglicis

363 1476 476 1523 exiit
501 1476 560 1523 de
580 1475 766 1522 civitate
786 1492 877 1538 que
899 1476 1055 1523 statim
1073 1481 1181 1538 post
1201 1492 1365 1523 eorum
1386 1475 1564 1522 exitum
1587 1474 1771 1522 reddita

363 1557 434 1599 est
465 1552 571 1599 duci
597 1551 936 1607 Normannie33
965 1551 1044 1613 qui
1071 1551 1252 1598 intrans
1279 1551 1515 1598 civitatem
1541 1550 1615 1597 die
1641 1550 1770 1597 Puri-

362 1628 588 1675 ficationis
615 1628 748 1675 beate
769 1627 971 1691 Virginis
997 1628 1104 1674 anni
1129 1627 1403 1691 supradicti,
1434 1627 1609 1674 curiam
1637 1626 1770 1674 nobi-

363 1705 454 1752 lem
496 1705 670 1753 ibidem
712 1704 874 1752 tenuit.
916 1707 1168 1767 Postquam
1206 1712 1362 1752 autem
1403 1720 1586 1752 moram
1626 1703 1769 1751 trium

412 1840 443 1874 1.
470 1837 660 1874 Froissart
680 1838 785 1885 parle
806 1837 851 1873 de
873 1842 961 1874 cent
982 1836 1087 1873 mille
1108 1838 1298 1873 hommes.

410 1897 444 1933 ⁶2.
468 1897 518 1933 M.
543 1898 646 1933 Luce
668 1907 715 1932 ne
738 1896 834 1933 croit
861 1907 928 1943 pas
956 1896 1267 1943 qu'Angouleme
1296 1896 1348 1932 ait
1369 1897 1429 1932 ete
1451 1895 1602 1944 assiege
1622 1907 1690 1943 par
1716 1896 1770 1933 les

364 1956 551 2004 Francais
575 1955 791 2001 (Froissart,
812 1960 839 1991 t.
863 1955 934 2000 III,
956 1966 990 2002 p.
1010 1967 1114 2002 xxm,
1136 1960 1227 1991 note
1248 1956 1295 1999 6).
1319 1955 1461 2002 Malgre
1482 1961 1580 2002 tout,
1603 1967 1646 1992 ce
1668 1956 1771 2003 siege

361 2015 485 2061 parait
506 2015 595 2051 bien
617 2015 725 2051 avoir
752 2025 800 2050 eu
829 2014 905 2051 lieu
936 2015 1157 2060 (Chrom'que
1183 2017 1400 2057 normande,
1430 2026 1466 2062 p.
1495 2014 1579 2059 269,
1604 2021 1694 2052 note
1721 2017 1767 2061 1).

362 2074 583 2118 D'ailleurs,
612 2085 661 2110 on
682 2078 818 2110 trouve
840 2073 862 2109 a
883 2078 982 2109 cette
1013 2074 1159 2120 epoque
1186 2073 1378 2120 plusieurs
1402 2073 1598 2110 mentions
1625 2073 1670 2110 de
1692 2085 1772 2110 ser-

362 2133 466 2169 vices
488 2133 692 2169 militaires
714 2144 803 2169 sous
832 2133 887 2169 les
909 2132 1040 2169 ordres
1061 2138 1100 2168 et
1119 2144 1169 2168 en
1191 2132 1419 2179 compagnie
1440 2132 1489 2168 du
1509 2133 1582 2169 duc
1603 2132 1648 2170 de
1669 2133 1772 2170 Nor-

361 2193 515 2229 mandie
539 2193 577 2237 (il
601 2193 711 2240 s’agit
731 2193 781 2228 du
808 2193 1006 2229 marechal
1027 2193 1147 2240 Ferry
1174 2192 1220 2228 de
1241 2192 1490 2239 Chartogne),
1513 2205 1528 2226 α
1552 2192 1592 2228 in
1620 2192 1768 2239 guerris

362 2251 627 2296 Vaseonensi,
656 2251 929 2288 Lemovicensi
952 2256 988 2287 et
1016 2250 1318 2297 Engolismensi.
1344 2265 1359 2284 »
1393 2250 1502 2295 (Voir
1528 2261 1578 2286 en
1603 2251 1768 2297 particu-

363 2310 433 2345 lier
454 2310 508 2345 les
528 2312 725 2345 Journauoe
745 2312 795 2346 du
814 2312 940 2346 Tresor
954 2312 995 2346 de
1010 2312 1176 2356 Philippa
1199 2312 1238 2345 VI
1251 2312 1291 2345 de
1314 2311 1441 2352 Valois,
1461 2309 1553 2346 dont
1575 2310 1626 2346 M.
1650 2310 1767 2346 Yiard

362 2370 521 2416 prepare
544 2369 579 2403 la
599 2369 849 2415 publication,
872 2369 894 2404 a
915 2370 951 2404 la
971 2369 1057 2405 date
1079 2369 1128 2405 du
1153 2369 1194 2405 13
1216 2380 1320 2404 mars
1344 2369 1449 2415 1349,
1471 2380 1510 2404 n.
1534 2371 1596 2411 st.)

410 2426 443 2462 3.
466 2426 497 2462 Il
519 2431 576 2462 est
596 2427 760 2472 possible
782 2427 1092 2475 qu'Angouleme
1115 2438 1154 2464 se
1176 2428 1249 2464 soit
1270 2426 1415 2464 rendue
1436 2427 1470 2462 le
1485 2427 1507 2462 ‘3
1522 2426 1662 2463 sevrier
1681 2426 1768 2463 1346

364 2486 415 2531 (n.
440 2485 517 2529 st.),
540 2484 637 2519 mais
664 2496 713 2521 on
741 2497 762 2522 a
790 2487 942 2523 montre
975 2487 1195 2532 (chronique
1223 2487 1436 2530 normande,
1461 2496 1497 2532 p.
1519 2485 1602 2529 269,
1624 2490 1713 2521 note
1736 2486 1767 2528 1)

362 2555 435 2591 que
456 2544 490 2579 le
511 2542 584 2579 duc
604 2543 649 2578 de
670 2544 908 2582 Normandie
931 2545 1098 2582 n'arriva
1118 2545 1214 2581 dans
1243 2550 1343 2582 cette
1371 2545 1459 2581 ville
1486 2545 1573 2592 qu’ai
1593 2545 1630 2580 la
1650 2544 1702 2580 fin
1723 2544 1766 2579 (lo

363 2612 405 2637 ce
426 2600 539 2645 mois,
560 2611 607 2635 au
630 2600 713 2646 plus
735 2602 803 2636 tot.
827 2602 859 2637 Il
880 2615 905 2649 y
926 2603 1029 2638 avait
1055 2603 1250 2639 d’ailleurs
1279 2602 1456 2650 sejournev
1479 2613 1526 2638 au
1547 2601 1644 2638 mois
1665 2600 1766 2637 cl'oc-

363 2658 470 2693 tobre
497 2657 582 2694 1345
600 2659 855 2702 (Bibliotheque
870 2661 910 2695 de
926 2653 1054 2696 l'Ecole
1068 2661 1126 2696 des
1142 2661 1296 2704 chartes,
1313 2661 1437 2696 annee
1454 2659 1556 2704 1888,
1573 2665 1600 2695 t.
1618 2657 1766 2704 XLIX,

364 2719 528 2753 Eaetraics
548 2718 589 2752 dc
609 2718 805 2752 Journaua:
825 2719 874 2752 du
899 2720 1037 2762 Tre'sor,
1060 2728 1103 2754 n0
1124 2719 1193 2763 40).
