1923 3358
385 306 451 342 l62
657 306 1028 340 CHRONOGRAPHIA
1055 306 1207 338 REGUM
1233 305 1511 340 FRANCORUM.
1678 304 1783 352 [1340

381 394 512 436 erant
531 388 577 434 in
597 390 821 442 Tornaem
845 389 1092 447 sequentes
1114 401 1274 449 regem
1297 386 1487 433 Francie
1506 386 1784 435 invenerunt

379 481 486 512 eum
521 465 567 511 in
604 463 765 509 itinere
800 461 927 524 quod
966 461 1093 509 ducit
1118 461 1336 510 Parisius.
1363 462 1435 510 Hii
1460 479 1567 510 cum
1600 479 1783 512 recum-

377 541 676 588 mendassent
692 538 794 603 (sic)
811 538 899 585 sibi
917 541 1248 595 Tornaeenses,
1267 539 1568 602 presentibus
1580 540 1784 588 Johanne

376 618 605 680 Trebegot
621 621 668 663 et
684 615 783 662 aliis
797 615 979 663 duobus
993 614 1305 680 burgensibus
1323 615 1381 663 de
1399 618 1606 663 Tornaco
1624 622 1785 679 postu-

374 693 575 740 lantibus
603 692 805 756 aliquam
830 692 1027 756 gratiam
1056 709 1115 739 ex
1146 698 1280 755 parte
1305 691 1521 749 civitatis,
1545 709 1632 740 rex
1653 692 1784 739 beni-

374 767 527 832 gniter
558 767 843 832 regraciatus
874 772 946 814 est
969 767 1367 825 Tornacensibus;
1395 767 1618 831 deditque
1647 767 1715 816 eis
1739 767 1784 814 in

373 845 680 892 hereditatem
705 861 870 892 nemus
902 844 960 892 de
992 845 1191 892 Breuza1
1217 850 1280 902 et,
1309 850 1360 892 ut
1386 844 1670 908 promiserat
1697 844 1781 901 eiS‚

373 923 476 970 tulit
501 923 864 986 gubernatorem
895 922 953 969 ab
980 922 1062 979 eis,
1090 921 1341 969 restituens
1372 921 1499 986 leges
1531 921 1786 985 antiquitus

374 999 666 1058 observatas,
686 1016 773 1063 per
792 999 969 1046 litteras
986 1015 1071 1046 suo
1092 1015 1262 1063 magno
1282 999 1431 1063 sigillo
1452 999 1499 1046 in
1519 1015 1626 1047 cera
1645 997 1783 1046 viridi

374 1077 627 1141 impressas
653 1094 769 1141 quas
791 1076 858 1124 eis
882 1075 1072 1124 tradidit
1095 1092 1203 1123 cum
1221 1076 1320 1123 aliis
1341 1076 1477 1124 donis
1497 1075 1786 1140 quampluri-

374 1154 479 1201 mis.
510 1154 595 1211 Qui
621 1153 678 1201 ab
706 1170 761 1200 eo
787 1152 1015 1209 valefacti‚
1046 1152 1251 1216 regressi
1280 1158 1388 1200 sunt
1414 1156 1690 1200 Tornacum.
1719 1153 1785 1198 De

374 1247 576 1293 quorum
601 1230 805 1277 adventu
830 1235 876 1276 et
901 1229 1124 1276 relatione
1151 1229 1229 1277 leti
1254 1229 1360 1276 faeti
1394 1234 1502 1277 sunt
1527 1234 1575 1276 et
1594 1227 1785 1293 jocundi

374 1306 421 1352 in
449 1306 650 1353 civitate.

439 1386 538 1431 Rex
575 1384 715 1431 etiam
751 1383 1003 1439 Navarre2‚
1045 1382 1248 1430 dimissis
1288 1382 1478 1448 regibus
1514 1382 1701 1430 Boemie
1740 1387 1785 1429 et

375 1461 531 1508 Scocie
567 1477 673 1509 cum
708 1476 819 1524 rege
854 1460 1067 1516 Francie,
1105 1460 1329 1508 remeavit
1368 1460 1427 1508 ad
1461 1466 1619 1524 partes
1656 1475 1780 1507 suas.

374 1542 680 1586 Recesserunt
700 1538 893 1601 insuper
912 1556 937 1584 a
958 1537 1140 1601 prefato
1166 1553 1276 1602 rege
1298 1537 1488 1585 Francie
1508 1537 1626 1593 Odo,
1652 1552 1785 1584 soro-

372 1614 470 1662 rius
496 1614 610 1678 ejus,
641 1614 737 1662 dux
760 1613 1042 1678 Burgundie,
1067 1619 1113 1661 et
1137 1614 1387 1671 Johannes,
1417 1613 1513 1662 dux
1544 1612 1782 1661 Britannie

373 1708 515 1754 quem
544 1691 679 1739 valde
712 1691 955 1756 diligebat,
992 1691 1213 1754 quoniam
1246 1691 1333 1739 sibi
1367 1691 1593 1739 servierat
1621 1690 1669 1738 in
1701 1689 1786 1737 hac

373 1783 542 1830 guerra
569 1767 664 1815 suis
689 1767 907 1831 expensis
933 1767 1139 1831 propriis
1168 1784 1275 1816 cum
1300 1767 1423 1815 mille
1450 1773 1496 1816 et
1520 1766 1785 1832 quingentis

373 1841 627 1891 bachinetis
638 1845 655 1871 3
665 1881 675 1890 .

437 1922 546 1966 Post
571 1936 664 1966 non
690 1920 888 1967 multum
919 1936 1032 1967 vero
1065 1919 1309 1984 temporis,
1340 1936 1424 1968 rex
1451 1919 1632 1985 Angfie,
1662 1919 1783 1966 sacto

372 2001 599 2059 apparatu
619 2002 665 2043 et
683 1996 919 2045 valefactis
941 1997 1159 2045 federatis
1185 1997 1298 2055 suis,
1323 2013 1429 2045 cum
1451 1997 1611 2062 regina
1636 2012 1784 2044 uxore

422 2138 452 2172 1.
476 2136 638 2182 Breuze,
666 2138 752 2184 pres
779 2138 896 2183 Kain,
924 2137 1019 2174 dans
1045 2138 1081 2174 le
1110 2137 1296 2182 Hainaut‚
1325 2137 1346 2173 ἐι
1371 2136 1536 2174 environ
1565 2136 1655 2183 cinq
1684 2135 1783 2172 kilo-

372 2196 515 2231 nietres
537 2207 585 2232 au
607 2196 702 2231 nord
723 2196 768 2232 de
790 2197 974 2232 Tournai.

419 2254 453 2289 ⁶2.
477 2255 529 2289 Le
552 2255 607 2290 roi
628 2255 672 2290 de
693 2256 866 2293 Navarre
887 2256 1107 2302 manifesta,
1129 2256 1318 2303 paruit-il,
1340 2256 1362 2292 ὁ.
1382 2256 1575 2303 plusieurs
1600 2255 1778 2303 reprises‚

374 2324 422 2348 au
453 2314 599 2349 conseil
627 2315 674 2350 dn
708 2315 777 2360 roi,
809 2327 850 2351 sa
881 2318 1126 2363 repugnanee
1155 2316 1176 2351 u
1203 2327 1360 2363 essayer
1381 2327 1434 2351 un
1461 2316 1781 2362 rapprochement

374 2376 482 2406 entre
501 2371 673 2418 Philippo
690 2373 744 2408 VI
766 2380 801 2409 et
822 2375 936 2410 Louis
958 2374 1002 2409 de
1023 2375 1184 2410 Baviere
1207 2386 1297 2410 sans
1319 2385 1391 2422 que
1413 2374 1489 2410 l'on
1510 2385 1549 2410 se
1572 2373 1626 2409 fut
1647 2373 1781 2409 assure

374 2440 421 2464 au
445 2430 635 2475 pretii-able
656 2431 704 2466 du
727 2440 1022 2469 consentement
1042 2433 1091 2470 du
1115 2445 1224 2480 pape.
1247 2434 1278 2469 Il
1306 2434 1430 2480 parait
1457 2443 1530 2480 que
1557 2444 1600 2470 ee
1628 2432 1782 2469 dernier

375 2498 414 2523 se
441 2494 593 2523 monim
621 2491 698 2524 tres
729 2492 1025 2527 reeonnaissant
1054 2503 1101 2527 au
1130 2493 1184 2527 roi
1211 2492 1255 2528 de
1278 2492 1451 2529 Navarre
1472 2492 1517 2528 de
1539 2502 1609 2528 son
1629 2490 1780 2538 opposi-

374 2546 468 2582 tion.
494 2547 605 2593 (Bibl.
630 2554 724 2594 nat.³
749 2551 856 2586 fonds
879 2552 999 2600 frange.
1023 2552 1129 2598 2508,
1154 2552 1215 2588 sol.
1240 2552 1282 2588 52
1305 2553 1368 2598 r0.)

421 2608 455 2644 3.
478 2606 514 2643 Α
540 2608 660 2654 partir
684 2609 727 2643 (lo
757 2617 815 2646 cet
840 2612 1004 2657 endroit,
1028 2612 1081 2647 les
1102 2614 1304 2648 Ancz'ennes
1326 2613 1542 2657 chroniques
1561 2613 1602 2647 de
1622 2611 1780 2646 FIandrc

376 2669 500 2711 (Istore
519 2671 551 2702 et
571 2670 762 2712 cronz'ques
782 2671 822 2704 dc
843 2673 1029 2713 mandras,
1054 2677 1080 2707 t.
1104 2671 1135 2716 Ι,
1157 2682 1192 2717 p.
1223 2671 1301 2717 400)
1327 2678 1364 2707 et
1393 2670 1446 2706 les
1477 2671 1637 2708 Grandes
1665 2669 1778 2705 Chro-

376 2729 502 2771 niqucs
533 2732 572 2770 (t.
599 2726 647 2772 V,
669 2738 701 2772 p.
749 2727 826 2770 405)
859 2729 1032 2766 donnent
1065 2731 1118 2766 les
1151 2731 1298 2765 memes
1333 2730 1666 2776 renseignements
1704 2738 1776 2774 que

378 2790 485 2820 notro.
508 2785 732 2831 chronique,
