1923 3358
384 251 451 287 3l8
656 250 1027 284 CHRONOGRAPHIA
1053 251 1206 283 REGUM
1231 251 1511 285 FRANGORUM.
1678 250 1782 297 [1367

387 354 406 378 ιι
439 332 665 395 spacium,
696 336 946 392 postquam
977 329 1043 376 eis
1073 329 1131 376 de
1163 329 1404 392 premissis
1435 331 1703 380 excessibus
1737 339 1784 380 et

386 429 404 453 «
437 408 584 470 culpis
623 406 882 453 constiterit
924 406 982 453 ad
1024 407 1368 470 receptionem,
1411 407 1779 464 concessionem,

384 504 403 528 <‹
436 482 806 546 dispositionem,
843 481 1134 529 collationem
1169 489 1215 529 et
1247 482 1564 545 provisionem
1596 483 1784 531 easdem

382 580 402 604 a
436 576 528 607 non
559 559 874 623 processerint
899 559 1149 606 faciendas.
1179 562 1271 606 Nos
1294 559 1419 622 ipsas
1446 560 1781 623 receptionem,

381 657 401 682 (κ
432 636 804 693 concessionem,
843 635 1222 699 dispositionem,
1261 635 1556 683 collationem
1592 642 1639 684 et
1672 653 1784 700 pro-

379 732 398 756 «
430 711 659 759 visionem
686 711 981 775 dispositioni
1009 717 1168 759 nostre
1197 717 1244 758 et
1275 711 1408 759 Sedis
1434 711 1645 776 ejusdem
1678 729 1784 775 spe-

378 808 398 833 «
431 789 608 837 cialiter
639 804 954 845 reservamus,
1000 788 1258 836 districtius
1298 788 1560 836 inhibentes
1600 788 1688 836 illis
1725 789 1783 836 ad

379 885 398 909 <1
430 882 549 928 quos
574 864 738 912 eedem
766 864 972 927 receptio
995 871 1041 912 et
1066 864 1324 921 concessio,
1354 864 1618 928 dispositio,
1645 865 1784 913 colla-

379 962 398 986 «
430 943 494 988 tio
514 947 560 989 et
578 941 806 1005 provisio,
834 941 945 988 alias
962 941 1198 1004 pertinent
1219 941 1291 988 vel
1310 947 1501 1004 possent
1522 941 1784 1004 quomodo·-

377 1038 397 1063 (ι
429 1019 541 1066 libet
571 1018 824 1081 pertinere,
864 1035 920 1065 ne
959 1017 1017 1065 de
1053 1017 1221 1073 feudis,
1263 1017 1414 1072 boniS‚
1458 1017 1778 1083 dignitatibuS,

376 1115 396 1139 ιι
428 1095 779 1159 personatibus,
815 1095 1002 1151 officiis,
1041 1094 1412 1151 canonicatibus,
1452 1095 1705 1159 prebendis
1729 1112 1782 1143 ac

374 1191 393 1216 «
426 1172 662 1220 beneficiis
701 1178 747 1219 et
786 1171 1267 1219 administrationibus
1307 1172 1422 1235 ipsis
1457 1173 1532 1219 vel
1567 1172 1782 1236 ipsorum

376 1271 395 1295 «
427 1250 581 1313 aliquo
625 1255 788 1297 contra
837 1255 1047 1296 nostram
1099 1249 1468 1296 reservationem
1516 1248 1779 1313 hujusmodi

375 1346 395 1371 α
428 1326 679 1389 disponere
701 1326 775 1372 vel
794 1326 1012 1374 ordinare
1036 1332 1325 1389 presumant.
1349 1328 1443 1373 Nos
1468 1325 1593 1374 enim
1620 1325 1782 1373 decer-

377 1424 397 1448 «
430 1404 582 1451 nimus
603 1403 787 1450 irritum
808 1409 855 1450 et
876 1404 1029 1460 inane,
1055 1403 1092 1451 si
1114 1419 1247 1450 secus
1273 1402 1412 1450 fuerit
1432 1409 1776 1466 attemptatum.

377 1499 396 1524 (ι
429 1483 484 1527 Et
509 1496 614 1527 cum
642 1497 761 1543 pene
786 1479 1016 1545 condigne
1042 1497 1135 1527 non
1162 1480 1344 1543 possint
1371 1485 1467 1527 tam
1491 1480 1714 1545 gravibus
1735 1485 1782 1527 et

377 1576 397 1601 α
428 1556 761 1619 multiplicibus
811 1557 1063 1604 sceleribus
1112 1556 1322 1604 adhiberi
1371 1563 1418 1604 et
1462 1574 1518 1604 ne
1568 1557 1780 1620 ipsorum

375 1652 394 1677 <‹
425 1633 664 1680 temeritas
704 1639 910 1680 transeat
954 1633 1367 1696 presumptoribus
1403 1634 1448 1680 in
1485 1633 1775 1696 exemplum,

373 1729 393 1754 ε(
424 1709 481 1756 de
505 1709 738 1756 dictorum
759 1709 957 1757 fratrum
977 1710 1186 1766 consilio,
1211 1710 1332 1757 bona
1356 1709 1570 1772 ipsorum
1594 1716 1778 1773 proter-

374 1805 393 1829 «
425 1801 593 1832 vorum
618 1785 856 1832 socialium
877 1785 1063 1832 mobilia
1089 1785 1388 1832 concedimus
1406 1784 1621 1832 fidelibus
1643 1801 1779 1832 occu-

374 1880 393 1904 «
426 1860 596 1923 panda,
626 1860 879 1907 immobilia
905 1877 1018 1907 vero
1048 1877 1212 1908 eorum
1240 1860 1443 1908 dominis
1468 1861 1778 1908 confiscamus

373 1958 392 1982 <‹
425 1944 471 1984 et
500 1954 725 2001 personas
755 1937 1029 1985 eorumdem
1057 1938 1295 1985 socialium
1327 1938 1606 2002 exponimus
1632 1937 1779 1985 fideli-

374 2034 393 2059 «
421 2015 509 2061 bus
545 2014 795 2078 capiendas
828 2021 879 2062 ut
911 2014 1200 2078 capiencium
1221 2016 1352 2072 fiant,
1384 2015 1778 2063 nonobstantibus

372 2109 391 2134 «
424 2091 461 2137 si
487 2091 719 2154 aliquibus
738 2091 1050 2139 communiter
1070 2091 1142 2139 vel
1165 2091 1351 2138 divisim
1376 2107 1402 2138 a
1429 2092 1548 2140 Sede
1567 2091 1775 2155 predicta

371 2187 390 2211 ε(
423 2167 544 2215 foret
580 2168 810 2216 indultum
843 2168 970 2231 quod
1013 2168 1235 2232 suspendi
1269 2169 1340 2215 vel
1376 2169 1773 2216 excommunicari

374 2262 393 2287 α
424 2250 501 2289 aut
528 2243 616 2306 ipsi
648 2251 693 2291 et
726 2244 954 2300 civitates,
985 2250 1127 2301 terre,
1161 2244 1354 2308 oppida,
1391 2251 1559 2300 castra,
1598 2244 1705 2292 ville
1731 2251 1777 2292 et

373 2339 393 2363 «
425 2321 781 2368 communitates
805 2321 878 2368 vel
906 2321 1230 2369 universitates
1257 2338 1419 2369 eorum
1444 2321 1658 2370 interdici
1684 2338 1774 2370 non

372 2415 392 2440 <t
424 2403 617 2459 possent
646 2414 730 2459 per
764 2398 941 2445 litteras
971 2398 1265 2460 apostolicas,
1302 2413 1396 2446 non
1431 2398 1651 2445 facientes
1678 2398 1776 2461 ple-

372 2492 392 2516 «
422 2489 529 2519 nam
550 2479 596 2519 et
612 2489 883 2535 expressam
905 2490 957 2521 ac
978 2474 1036 2521 de
1056 2474 1202 2521 verbo
1220 2474 1279 2521 ad
1301 2474 1498 2521 verbum
1519 2474 1577 2522 de
1598 2474 1774 2522 indulto

373 2569 391 2593 «
424 2549 686 2613 huJusmodi
726 2552 1035 2605 mentionem,
1086 2558 1131 2598 et
1169 2550 1456 2614 quibuslibet
1496 2551 1769 2615 privilegiis,

373 2642 391 2666 c(
425 2623 728 2687 indulgenciis
763 2625 835 2670 vel
867 2626 1032 2673 litteris
1067 2625 1336 2689 apostolicis
1371 2625 1665 2690 generalibus
1699 2625 1770 2671 vel

373 2719 392 2743 ιι
424 2700 697 2762 specialibus
712 2700 953 2763 quibusvis
968 2702 1198 2765 personis,
1214 2702 1325 2750 locis
1338 2702 1410 2749 vel
1426 2701 1667 2750 ordinibus
1683 2701 1770 2748 sub
