1923 3358
133 289 238 337 1358]
410 293 781 327 CHRONOGRAPHIA
806 294 959 327 REGUM
985 293 1264 325 FRANGORUM.
1466 288 1532 324 267

130 389 239 419 nem
275 372 334 420 de
369 373 555 420 Piconio
595 372 812 428 militem,
851 372 930 435 qui
969 378 1079 419 tunc
1113 377 1212 418 erat
1247 370 1534 436 gubernator

129 447 347 495 Arthesii.
379 448 461 495 Hic
481 453 662 496 tantum
692 449 798 496 fecit
823 448 949 511 quod
976 446 1282 495 incarceravit
1306 447 1535 494 Tristran-

128 523 242 571 dum
279 524 336 571 de
373 528 543 580 BoscO,
589 525 830 572 custodem
863 525 986 589 regis
1024 528 1228 572 Navarre
1262 523 1309 570 in
1345 523 1533 571 castello

129 601 415 664 supradicto,
437 601 727 664 multumque
740 601 993 663 requisitus
1012 607 1082 648 est
1098 600 1223 647 idem
1240 599 1534 648 Tristrandus

128 683 174 724 et
202 678 470 740 compulsus
499 695 525 723 a
550 676 674 724 dicto
701 677 907 724 Johanne
943 676 1001 723 de
1025 676 1211 723 Piconio
1238 682 1289 723 ut
1314 675 1533 723 redderet

126 770 286 818 regem
312 757 542 809 Navarre;
571 752 654 800 sed
679 753 738 800 ad
763 753 852 800 hoc
878 752 1023 799 noluit
1049 752 1330 799 consentire.

190 837 300 885 Ideo
337 836 487 883 dictus
524 836 755 884 ,Iohannes
793 835 983 883 abstulit
1024 834 1111 882 sibi
1157 834 1359 899 sigillum
1397 850 1533 883 suum

126 913 395 975 litterasque
420 912 479 959 ad
500 913 568 959 sui
596 912 777 959 libitum
806 912 1004 975 scriptas
1029 911 1196 959 eodem
1214 911 1362 976 sigillo
1381 912 1533 975 signa-

125 989 210 1047 vit,
241 989 303 1036 ita
328 989 457 1052 quod
488 1006 571 1036 rex
598 992 802 1036 Navarre
838 988 1061 1036 liberatus
1096 994 1167 1035 est
1200 994 1246 1034 et
1277 988 1535 1036 conductus

126 1083 273 1130 usque
305 1066 632 1113 Ambianum1.
665 1068 792 1113 Tunc
820 1066 951 1113 allate
982 1071 1090 1112 sunt
1125 1064 1327 1128 quedam
1361 1064 1530 1120 littere,

125 1143 171 1189 in
202 1142 438 1189 civitatem
471 1141 711 1189 Ambianis
743 1141 1017 1188 transmisse
1058 1141 1115 1187 ab
1159 1140 1248 1188 illis
1288 1140 1346 1187 de
1384 1140 1534 1187 tribus

125 1219 340 1275 statibus,
365 1225 415 1266 ut
437 1235 520 1265 rex
539 1222 745 1266 Navarre
769 1223 930 1281 posset
950 1216 1147 1265 transire
1166 1233 1252 1280 per
1272 1217 1530 1273 civitatem3

126 1312 325 1359 cumque
354 1295 479 1342 idem
510 1312 594 1342 rex
627 1295 830 1342 venisset.
858 1294 904 1341 in
936 1293 1171 1341 civitatem
1200 1294 1390 1341 consilio
1417 1310 1534 1356 quo-

127 1372 343 1419 rumdam
371 1372 542 1418 civium
576 1371 653 1435 qui
686 1371 772 1420 sibi
808 1370 1094 1418 confederati
1130 1377 1258 1428 sunt,
1298 1370 1534 1434 expressis

127 1448 307 1495 civibus
337 1447 514 1504 malis2,
552 1464 643 1510 que
670 1447 905 1494 immerito
935 1447 1254 1503 tolleraverat,
1295 1447 1449 1510 posuit
1484 1463 1533 1493 se

127 1525 172 1572 in
197 1540 359 1572 eorum
387 1523 627 1587 burgesia,
663 1523 916 1571 ostendens
942 1524 1008 1570 eis
1036 1523 1156 1587 injus
1185 1523 1364 1571 dudum
1395 1523 1533 1570 matri

125 1618 207 1649 sue
234 1601 406 1648 factum
439 1600 496 1647 de
525 1600 663 1648 terris
689 1600 938 1664 Campanie
967 1607 1013 1647 et
1042 1600 1163 1657 Brie‚
1194 1617 1285 1663 que
1317 1600 1402 1648 sibi
1430 1600 1533 1664 jure

122 1678 404 1726 hereditario
431 1678 760 1741 competebant
785 1683 893 1741 post
914 1684 1113 1724 mortem
1136 1677 1268 1740 pueri
1289 1677 1529 1733 Johannis,

123 1755 261 1819 hujus
295 1754 496 1802 nominis
527 1754 686 1818 primi,
728 1755 807 1817 qui
845 1754 960 1801 obiit
994 1754 1040 1800 in
1079 1754 1336 1810 cunabulis,
1374 1754 1452 1801 filii
1487 1759 1534 1801 et

122 1831 308 1879 heredis
333 1832 591 1895 supradicti
615 1831 837 1880 Ludovici
869 1831 1074 1887 Hustini,
1112 1832 1237 1896 regis
1269 1831 1459 1879 Francie
1485 1836 1531 1878 et

121 1912 353 1966 Navarre,
395 1910 577 1957 comitis
621 1909 869 1973 Campanie
906 1916 953 1956 et
989 1909 1180 1972 palatini
1224 1908 1428 1954 Briensis
1472 1924 1529 1954 ex

122 1991 256 2049 parte
278 1987 456 2044 matris,
481 2004 505 2033 a
529 1986 699 2050 quibus
717 1986 873 2042 terris,
898 1985 1072 2033 scilicet
1092 1984 1339 2047 Campanie
1359 1990 1406 2031 et
1425 1984 1530 2031 Brie

122 2063 291 2127 injuste
315 2063 611 2126 privabatur,
646 2063 838 2126 insuper
864 2062 1056 2109 ulterius
1085 2061 1356 2124 exprimens
1385 2060 1531 2123 quali-

122 2146 195 2186 ter
221 2156 392 2187 corona
418 2140 608 2188 Francie
641 2139 700 2186 de
732 2156 820 2202 qua
855 2138 1143 2194 Ludovicus,
1181 2154 1337 2185 comes
1369 2137 1532 2185 Ebroi-

122 2217 296 2273 censis,
338 2234 453 2264 avus
497 2217 620 2280 ejus,
666 2234 723 2264 ex
762 2222 894 2280 parte
930 2215 1076 2278 patris
1117 2214 1295 2262 dudum
1335 2214 1526 2271 exierat,

121 2292 286 2339 melius
309 2292 396 2339 sibi
422 2291 718 2355 competebat
749 2308 835 2355 per
868 2295 1072 2337 mortem
1096 2289 1171 2335 avi
1207 2289 1276 2337 sui
1308 2288 1529 2337 Ludovici

122 2369 373 2432 supradicti
407 2375 454 2416 et
491 2369 571 2415 filii
603 2369 702 2433 ejus
735 2368 956 2416 Johannis
996 2367 1143 2432 regis,
1187 2366 1400 2414 avunculi
1436 2365 1525 2423 sui,

171 2538 203 2572 ’1.
227 2537 279 2572 Le
308 2536 363 2572 roi
390 2535 435 2572 de
463 2536 639 2573 Navarre
670 2536 726 2572 fut
754 2535 899 2572 delivre
927 2535 1024 2572 dans
1053 2535 1087 2572 la
1113 2535 1198 2571 nuit
1226 2534 1276 2571 du
1303 2535 1322 2570 7
1345 2545 1392 2570 au
1414 2534 1434 2570 8
1457 2544 1527 2570 no-

120 2596 277 2632 vembre
301 2596 388 2631 1357
411 2596 631 2641 (Froissart,
655 2595 712 2631 ed.
736 2596 854 2639 Luce,
879 2600 906 2631 t.
923 2595 973 2640 V,
994 2606 1178 2642 p.xxv111,
1200 2599 1288 2631 note
1311 2594 1358 2635 2),

167 2655 202 2691 2.
234 2656 375 2691 Recueti
406 2656 447 2689 (le
475 2656 589 2699 pieres
621 2658 767 2689 servant
800 2655 842 2689 de
870 2664 1021 2699 preuves
1054 2664 1130 2689 aua?
1162 2655 1351 2689 Memoz'res
1380 2662 1447 2686 sur
1480 2653 1526 2686 les

123 2713 279 2748 troubles
311 2714 438 2747 eoecites
463 2723 508 2747 en
540 2713 676 2747 France
708 2722 778 2757 par
813 2712 963 2748 Char-bes
990 2713 1028 2748 II
1055 2713 1110 2747 dit
1142 2714 1173 2747 le
1199 2712 1414 2748 Mauvais...
1446 2709 1527 2757 [par

124 2769 343 2816 Secousse],
368 2781 403 2816 p.
427 2769 485 2805 98.
