1923 3358
164 276 383 322 1344-1346]
443 279 813 312 CHRONOGRAPHIA
839 277 992 309 REGUM
1016 274 1295 308 FRANCORUM.
1498 269 1563 305 165

159 360 358 408 duarum
393 358 620 414 noctium,
661 357 707 404 in
744 356 913 419 quibus
949 354 1193 403 Christiani
1227 370 1321 400 non
1354 368 1565 400 cessave-

158 442 267 484 runt
286 435 344 482 ab
365 435 588 483 effusione
609 433 844 498 sanguinis
864 435 1241 481 Sarracenorum.
1265 434 1322 478 Et
1345 435 1397 478 ut
1422 428 1565 476 refer-

156 520 251 570 tur,
281 518 392 560 tunc
425 512 520 559 fere
552 511 691 558 occisi
719 515 826 557 sunt
850 509 1048 556 ducenta
1074 509 1196 555 milia
1224 507 1483 561 hominum,
1513 521 1565 552 ac

158 589 332 637 ibidem
359 589 539 636 occisus
564 593 636 634 est
660 587 831 643 Pitazo,
856 586 977 633 filius
1001 584 1167 648 prefati
1195 584 1319 648 regis
1343 583 1566 631 Bellema-

158 667 274 723 risse,
306 665 437 712 miles
464 663 831 711 strenuissimus.

223 748 476 805 Postquam
510 746 666 788 autem
703 739 854 786 victus
887 743 975 794 est,
1004 754 1090 784 rex
1122 737 1302 785 Garbus
1334 753 1440 784 cum
1472 737 1566 784 suis

158 821 238 884 qui
252 822 589 873 remanserant,
607 816 790 880 fugerat
803 815 849 861 in
864 813 1117 877 quamdam
1131 814 1365 860 civitatem
1379 812 1566 860 nomine

160 894 368 943 Gercie1.
403 897 554 958 Reges
586 909 701 940 vero
734 891 1002 947 Christiani,
1037 891 1126 938 hoc
1157 894 1404 953 perceptO,
1437 896 1567 953 apta-

158 978 329 1019 verunt
380 989 429 1019 se
473 970 531 1018 ad
573 969 771 1017 eandem
816 968 1051 1017 civitatem
1093 966 1417 1014 obsidendam.
1468 969 1567 1024 Quo

157 1049 332 1105 audito,
358 1065 442 1096 rex
469 1047 649 1096 Garbus
675 1047 780 1094 fecit
807 1045 1042 1094 numerari
1068 1060 1178 1092 suos
1199 1050 1244 1091 et
1265 1043 1439 1107 reperti
1460 1048 1567 1090 sunt

157 1125 340 1172 circiter
376 1124 570 1188 vinginti
613 1122 737 1169 milia
779 1123 987 1185 equitum
1024 1126 1070 1168 et
1111 1136 1280 1185 magna
1320 1118 1568 1167 multitudo

156 1201 386 1266 peditum,
417 1217 502 1247 nec
532 1199 764 1247 habebant
790 1198 1004 1246 victualia
1036 1214 1177 1261 quam
1210 1213 1299 1261 pro
1333 1196 1496 1244 decem
1523 1201 1569 1242 et

158 1283 341 1342 septem
367 1276 552 1324 diebus.

221 1354 454 1402 Mandavit
490 1353 646 1416 itaque
685 1369 848 1399 omnes
882 1351 1094 1398 homines
1130 1367 1239 1398 suos
1274 1354 1320 1397 et
1356 1348 1472 1396 dixit
1504 1348 1569 1395 eis

159 1431 286 1495 quod
312 1431 574 1495 prevaleret
601 1431 666 1477 eis
692 1446 902 1493 pugnare
929 1444 1069 1491 quam
1096 1428 1217 1474 fame
1247 1425 1430 1490 perire;
1460 1441 1570 1472 con-

159 1508 336 1556 cordati
362 1523 476 1571 ergo
500 1507 713 1554 exierunt
735 1512 896 1554 contra
917 1505 1220 1562 Christianos,
1249 1504 1333 1567 [et]
1352 1502 1571 1550 viderunt

159 1602 239 1633 eos
262 1584 425 1648 procul
445 1583 503 1631 ab
525 1601 615 1632 una
635 1584 779 1631 leuca.
806 1586 929 1640 Quos
956 1581 1199 1630 Christiani
1220 1580 1451 1636 videnteS,
1479 1585 1571 1627 ste-

158 1668 314 1710 terunt
341 1666 385 1708 et
412 1661 750 1709 ordinaverunt
776 1659 898 1707 acies
924 1675 1058 1713 suas;
1087 1674 1172 1705 nec
1199 1657 1350 1705 adhuc
1377 1672 1572 1719 congre-

158 1739 251 1804 gati
278 1744 409 1786 erant
433 1744 479 1785 et
505 1754 589 1784 rex
617 1737 797 1785 Garbus
823 1753 930 1784 cum
959 1735 1054 1783 suis
1086 1735 1204 1799 fugit
1234 1735 1282 1781 in
1313 1733 1567 1781 civitatem.

157 1820 213 1864 Et
251 1815 473 1878 quoniam
511 1814 741 1862 dubitavit
779 1813 1096 1868 obsidionem,
1140 1813 1239 1875 ipse
1277 1827 1383 1858 eum
1424 1826 1571 1857 uxore

159 1909 265 1949 sua,
303 1892 463 1940 liberis
500 1897 546 1939 et
584 1908 755 1956 magno
793 1897 1005 1947 tesauro,
1046 1890 1338 1936 intraverunt
1378 1886 1571 1934 fluvium

160 1970 488 2018 decurrentem
524 1985 610 2032 per
641 1968 877 2016 civitatem
914 1983 1020 2015 cum
1056 1972 1159 2015 1111ΟΓ
1195 1964 1445 2020 navibus2,
1485 1979 1573 2026 per

162 2062 303 2109 quem
330 2045 508 2109 egressi
534 2050 643 2093 sunt
668 2045 726 2092 ad
753 2061 900 2092 mare.

226 2122 457 2184 Denique,
496 2125 590 2169 Deo
625 2122 832 2177 volente,
873 2120 1181 2168 obviaverunt
1222 2117 1406 2182 navigio
1446 2117 1571 2181 regis

161 2198 419 2262 Arragonie
443 2204 581 2262 atque
605 2203 934 2262 pugnaverunt
959 2197 1158 2243 invicem
1179 2211 1325 2257 usque
1346 2194 1403 2241 ad
1426 2194 1567 2241 diem.

161 2279 307 2323 Porro
334 2275 575 2323 Sarraceni
604 2275 871 2323 deficientes
898 2274 1021 2337 capti
1053 2269 1160 2320 sunt
1184 2288 1291 2319 cum
1316 2277 1417 2319 1111or
1443 2270 1572 2318 navi-

162 2353 249 2400 bus
275 2352 400 2407 suis;
429 2367 538 2399 nam
563 2358 728 2415 captus
750 2358 819 2399 est
845 2367 930 2398 rex
956 2350 1135 2398 Garbus
1155 2366 1262 2397 cum
1281 2365 1450 2413 magno
1473 2349 1572 2395 the-

163 2446 301 2477 sauro
324 2435 372 2477 et
391 2428 576 2476 duobus
597 2429 701 2476 filiis
721 2429 816 2476 suis
837 2444 943 2475 cum
964 2427 1058 2473 filio
1075 2427 1199 2490 regis
1217 2425 1407 2474 Tunicii.
1429 2428 1571 2489 Capte

165 2513 273 2554 sunt
305 2506 498 2568 insuper
521 2511 638 2555 XXVe
669 2505 798 2569 galee
830 2507 1190 2552 sarracenorum
1223 2509 1269 2551 et
1298 2519 1420 2551 uxor
1450 2502 1571 2566 ejus-

214 2636 246 2671 l.
270 2633 479 2681 Algcsiras.
500 2634 553 2670 Le
574 2633 679 2680 siege
701 2644 928 2680 commenega
949 2643 996 2668 en
1013 2632 1087 2669 mai
1104 2633 1191 2669 1344
1208 2638 1245 2668 et
1260 2632 1355 2668 dura
1369 2631 1470 2667 deux
1485 2643 1568 2666 ans.

213 2695 247 2730 ⁶2.
274 2707 289 2727 «
313 2694 360 2729 Et
388 2706 412 2740 y
434 2694 535 2729 avoit
560 2693 653 2729 trois
682 2693 800 2739 galies
829 2699 866 2728 et
895 2703 971 2728 une
999 2691 1177 2739 sagitaire
1207 2706 1222 2725 »
1254 2692 1428 2738 (Grandes
1456 2691 1571 2726 Ultro-

169 2755 309 2798 nz'ques,
326 2759 352 2788 t.
371 2753 420 2796 V,
437 2764 471 2799 p.
494 2753 575 2797 407,
597 2758 634 2789 et
655 2754 766 2787 latore
787 2756 818 2787 et
839 2753 1028 2797 croniques
1047 2753 1087 2786 (Ie
1107 2753 1292 2794 Flandres,
1317 2756 1343 2785 t.
1360 2749 1392 2795 Ι,
1414 2761 1448 2795 p.
1472 2750 1568 2791 401).
