1923 3358
327 273 371 311 30
596 273 966 308 CHRONOGRAPHIA
992 272 1147 305 REGUM
1171 271 1451 305 FRANcomm.
1513 269 1735 316 [1332-1333

325 363 500 405 rectam
542 356 708 403 lineam
750 354 1014 417 pertinebat
1058 358 1104 400 et
1145 353 1272 416 quod
1315 353 1406 400 hoc
1450 353 1538 401 sibi
1582 354 1735 403 facere

325 435 594 499 dignaretur
625 431 845 479 instinctu
875 431 1060 495 pietatis
1091 447 1145 478 ac
1170 430 1215 477 in
1250 430 1459 478 favorem
1491 431 1638 494 patris
1665 431 1735 479 sui

322 509 572 559 Edowardi
597 507 738 572 regis,
762 508 931 572 patrini
953 508 1022 556 sui
1049 526 1058 554 :
1086 507 1278 570 insuper
1296 506 1529 571 expressit
1553 507 1595 554 ei
1621 524 1736 570 qua-

322 588 425 634 liter
454 601 652 650 regnum
683 585 835 633 Scotie
867 585 1061 632 deberet
1092 584 1239 632 teneri
1270 584 1329 632 ab
1359 601 1416 631 eo
1447 584 1493 631 in
1523 583 1663 632 feodo
1688 590 1737 653 et

321 663 559 725 quomodo
585 663 819 710 Robertus
844 662 903 710 de
931 666 1049 710 Brus
1079 662 1223 710 multa
1253 666 1533 709 nocumenta
1562 661 1736 710 fecerat

319 739 521 804 Anglicis
555 745 601 787 et
633 739 804 796 David,
843 739 965 787 filius
1000 739 1123 804 ejus,
1163 755 1400 802 nunquam
1440 738 1529 787 sibi
1563 738 1736 786 fecerat

320 817 587 882 homagium
621 818 680 866 de
711 818 836 866 dicto
869 835 1033 883 regno,
1064 818 1345 882 promittens
1376 818 1497 866 ultra
1523 817 1668 882 quod,
1696 818 1735 865 si

319 901 589 957 requestam
620 895 719 959 ejus
750 895 974 943 exaudire
1005 895 1294 959 dignaretur,
1325 895 1434 943 inde
1462 895 1734 960 homagium

319 970 406 1018 sibi
431 971 604 1019 faceret
629 978 674 1019 et
699 972 810 1020 illud
836 972 883 1019 in
910 971 1046 1020 feodo
1074 978 1252 1020 teneret
1278 972 1366 1020 sub
1393 989 1467 1020 eo.

385 1048 481 1096 Hiis
507 1049 693 1105 auditis,
723 1065 808 1096 rex
833 1049 1012 1114 Anglie,
1042 1049 1202 1097 habito
1230 1065 1373 1113 super
1402 1050 1491 1097 hoc
1518 1049 1729 1106 consilio,

317 1125 495 1189 recepit
520 1125 577 1172 ab
603 1125 706 1189 ipso
727 1125 1046 1190 juramentum
1073 1132 1120 1173 et
1144 1126 1414 1191 homagium
1443 1126 1552 1173 dicti
1578 1126 1730 1190 regni,

318 1202 598 1265 promittens
629 1202 785 1266 ipsum
813 1203 978 1267 juvare
1013 1202 1073 1250 ad
1103 1203 1179 1267 jus
1215 1219 1352 1250 suum
1386 1203 1728 1260 sustinendum,

317 1294 409 1325 non
431 1279 646 1326 obstante
667 1295 960 1342 quacumque
980 1279 1201 1326 affinitate
1222 1278 1452 1326 existente
1473 1279 1595 1327 inter
1614 1296 1664 1327 se
1686 1286 1732 1327 et

315 1353 461 1401 David
487 1370 663 1418 regem,
688 1354 767 1418 qui
792 1371 1005 1402 sororem
1030 1372 1162 1403 suam
1188 1372 1462 1420 germanam
1488 1361 1732 1420 acceperat

314 1430 360 1477 in
386 1446 583 1478 uxorem
598 1431 631 1478 ¹.
655 1434 749 1479 Hac
772 1431 831 1479 de
856 1448 995 1480 causa
1020 1432 1194 1480 factum
1219 1438 1290 1480 est
1315 1432 1552 1480 Londonis
1577 1432 1731 1496 parla-

313 1514 546 1566 mentum,
588 1508 634 1555 in
671 1525 766 1573 quo
804 1510 1074 1558 conclusum
1116 1516 1186 1558 est
1228 1510 1356 1574 quod
1397 1511 1544 1559 iretur
1587 1527 1731 1575 super

317 1586 528 1634 Scot0s2.

378 1663 486 1710 Ideo
518 1679 603 1710 rex
636 1664 822 1729 Anglie,
859 1670 1141 1730 congregato
1174 1682 1345 1730 magno
1377 1666 1584 1714 exercitu
1616 1665 1730 1714 abiit

313 1738 360 1785 in
381 1739 609 1797 Scotiam3
638 1741 760 1789 Scoti
786 1742 925 1789 etiam
953 1759 1011 1790 ex
1036 1743 1123 1790 alia
1149 1749 1282 1806 parte
1309 1750 1540 1791 venerunt
1564 1750 1728 1791 contra

313 1832 421 1863 eum
457 1835 465 1863 :
503 1817 659 1881 itaque
689 1818 863 1866 bellum
896 1820 1017 1867 inter
1049 1836 1131 1868 eos
1165 1820 1474 1869 committitur
1506 1821 1727 1886 gravissi-

311 1909 442 1940 mum
461 1911 514 1942 ac
533 1895 580 1941 in
600 1911 672 1952 e0‚
688 1894 848 1960 'gladio
868 1897 1135 1944 ceciderunt
1156 1914 1319 1945 omnes
1341 1897 1400 1945 de
1421 1899 1572 1946 Scotia
1594 1899 1727 1946 nobi-

311 1969 466 2028 liores,
493 1988 749 2035 omnesque
775 1973 898 2020 Scoti
923 1973 1092 2021 devicti
1116 1981 1241 2022 sunt.
1265 1977 1431 2022 Postea
1453 1992 1540 2024 rex
1563 1975 1726 2040 Anglie

311 2046 470 2094 abiens
508 2048 694 2096 obsedit.
730 2050 1057 2098 Bervicensem
1095 2051 1273 2107 villam,
1313 2068 1404 2115 que
1442 2052 1600 2100 statim
1637 2052 1722 2100 sibi

311 2123 492 2171 reddita
519 2127 633 2172 est3.

360 2278 392 2312 1.
414 2267 594 2314 Edouard
616 2279 741 2316 Balio]
766 2282 820 2317 fut
841 2282 1038 2317 couronne
1060 2281 1094 2318 le
1116 2281 1159 2317 ί24
1176 2282 1392 2328 septembre
1411 2282 1500 2319 1332>
1520 2295 1526 2318 ;
1544 2283 1642 2319 mais
1656 2283 1722 2320 des

312 2336 347 2371 la
367 2336 419 2371 fin
441 2336 486 2372 de
508 2337 657 2374 l'anne'e
679 2339 705 2374 il
726 2340 819 2376 etait
840 2351 889 2376 en
912 2340 1018 2377 suite.

356 2394 389 2430 2.
414 2395 470 2431 Cf.
494 2396 700 2443 Froissart,
731 2398 787 2434 ed.
819 2400 939 2444 Luce,
961 2405 989 2436 t.
1017 2400 1049 2444 I,
1071 2411 1108 2446 p.
1139 2400 1204 2436 105
1232 2406 1269 2437 et
1297 2401 1377 2447 106,
1402 2402 1469 2438 318
1496 2407 1534 2438 et
1562 2401 1643 2438 320.
1668 2402 1721 2438 Le

311 2453 546 2501 Parlement,
571 2458 771 2503 convoque
798 2457 952 2494 d'abord
973 2459 995 2494 '1
1016 2459 1125 2495 York
1151 2470 1246 2506 pour
1270 2460 1304 2496 le
1325 2461 1345 2496 4
1366 2460 1584 2508 decembre,
1607 2471 1657 2497 ne
1680 2471 1720 2497 se

312 2513 438 2549 reunit
459 2525 531 2561 que
554 2515 587 2550 le
608 2515 652 2551 20
671 2515 823 2562 janvier
844 2518 949 2554 1333.

357 2573 389 2608 3.
413 2573 515 2609 G’est
536 2585 584 2609 au
606 2585 718 2610 cours
739 2575 786 2611 du
809 2576 911 2623 si‹'·ge
932 2577 978 2614 de
1001 2578 1182 2615 Berwick
1202 2579 1344 2626 qu'une
1367 2581 1497 2618 arme'e
1511 2580 1716 2625 ecossaise,

310 2641 433 2667 venue
455 2643 502 2667 au
526 2643 683 2669 secours
703 2633 748 2668 de
772 2639 870 2670 cette
891 2636 1013 2683 place,
1036 2637 1092 2673 fut
1119 2637 1285 2674 detruite
1312 2649 1381 2685 par
1403 2629 1583 2675 Edouard
1604 2638 1659 2674 III
1682 2638 1717 2675 le

310 2690 351 2725 1?
371 2690 497 2736 juillet
521 2691 608 2728 1333
629 2692 651 2727 ἐι
672 2692 837 2729 Halidon
860 2694 939 2729 Hill
959 2697 1045 2741 pres
1067 2696 1260 2733 Berwick.
1278 2697 1331 2733 Le
1347 2697 1450 2745 siege
1471 2697 1517 2734 de
1536 2697 1717 2734 Berwick

311 2749 414 2784 avait
437 2751 661 2788 commence'
683 2750 718 2787 le
737 2751 782 2787 23
805 2752 901 2788 avril
923 2753 1035 2795 1333;
1060 2754 1096 2791 la
1116 2755 1277 2792 victoire
1297 2755 1347 2792 du
1370 2756 1425 2792 roi
1446 2755 1714 2803 d'Angleterre
