1923 3358
111 286 214 333 1338]
384 291 754 324 CHRONOGRAPHIA
779 292 931 324 REGUM
956 291 1233 324 FRANCORUM.
1465 291 1508 326 57

172 371 388 416 Preterea
427 369 653 434 capitanei
691 370 878 417 exulum
917 370 996 433 qui
1032 369 1257 434 regebant
1291 369 1507 433 patriam,

106 447 225 494 male
264 447 496 495 ducebant
533 448 712 496 nobiles
750 454 796 495 et
832 447 1058 512 ignobiles
1095 448 1152 495 de
1190 447 1356 511 patria.
1397 451 1512 495 Nam

106 524 261 570 statim
293 524 419 586 quod
451 523 615 587 aliquis
648 524 859 586 ipsorum
891 524 1122 571 refutabat
1147 524 1213 572 eis
1235 524 1507 587 quidquam,

105 600 337 648 ducebant
368 617 448 647 eos
480 600 538 647 ad
570 600 780 663 hostagia
812 600 857 646 in
892 600 1129 647 Gandavo.
1163 604 1219 648 Et
1250 607 1381 649 erant
1411 602 1512 664 qui-

107 676 214 723 dam
240 676 418 723 nobiles
444 676 490 722 in
516 676 752 723 territorio
779 675 836 722 de
863 675 1026 722 Furnis
1051 682 1096 723 et
1119 677 1177 723 de
1202 678 1407 741 Berghes
1432 679 1511 741 qui

104 753 193 800 hoe
217 754 431 800 tollerare
458 769 549 799 non
575 757 794 816 poterant
822 770 830 798 :
857 752 936 814 qui
961 753 1229 816 congregati
1255 759 1363 801 sunt
1387 754 1512 818 apud

105 830 307 891 Berghes
328 834 488 876 contra
508 829 773 892 capitaneos
794 834 840 875 et
861 829 1020 876 exules
1041 828 1281 876 ordinatos
1299 848 1325 876 a
1340 831 1512 878 Jacobo

104 905 163 952 de
182 905 411 952 Artevella
431 911 477 952 et
497 923 522 952 a
542 905 692 952 tribus
714 905 832 952 villis
852 904 1065 952 Flandrie
1083 923 1093 961 3
1119 904 1275 968 ibique
1295 906 1513 952 commis-

103 997 208 1028 sum
233 988 303 1029 est
327 981 500 1029 bellurn
523 981 695 1029 durum
720 982 858 1028 nimis
883 983 1001 1029 inter
1021 998 1119 1039 eos,
1144 982 1315 1029 scilicet
1338 982 1382 1028 in
1409 982 1511 1030 foro

102 1058 226 1115 ville,
256 1058 302 1105 in
327 1075 421 1121 quo
447 1058 616 1105 devicti
642 1065 750 1106 sunt
776 1059 853 1121 qui
881 1075 939 1105 ex
965 1064 1098 1122 parte
1133 1059 1272 1106 trium
1299 1059 1512 1107 villarum

103 1139 235 1180 erant
259 1139 305 1181 et
330 1150 389 1180 ex
415 1134 480 1181 eis
506 1134 679 1181 mortui
706 1149 821 1191 XXV,
852 1151 904 1181 ac
929 1134 1072 1181 ceteri
1098 1134 1334 1198 fugerunt.

165 1211 340 1259 Deinde
372 1211 713 1259 mandaverunt
746 1228 909 1258 omnes
941 1211 1060 1259 bene
1086 1211 1296 1259 volentes
1328 1211 1432 1267 sibi,
1462 1218 1512 1258 ut

100 1289 313 1336 venirent
340 1305 447 1336 cum
471 1289 553 1346 eis,
585 1289 806 1351 quoniam
833 1288 920 1335 nisi
947 1288 1233 1346 festinarent,
1264 1288 1510 1353 negocium

100 1365 219 1411 male
262 1365 492 1412 accideret
528 1365 610 1413 eis.
654 1365 955 1429 Congregatis
1001 1371 1157 1412 autem
1202 1365 1290 1412 illis
1336 1366 1415 1429 qui
1454 1382 1511 1413 ex

101 1447 234 1504 parte
261 1441 443 1488 comitis
469 1447 618 1497 erant,
642 1442 857 1488 abierunt
881 1441 1006 1504 apud
1034 1444 1226 1497 Furnes,
1253 1441 1332 1504 qui
1356 1442 1512 1489 statim

102 1534 150 1564 se
170 1517 426 1581 junxerunt
459 1517 562 1565 sibi.
601 1521 764 1565 Postea
796 1518 980 1565 iverunt
1013 1518 1070 1565 ad
1103 1518 1398 1581 Disquemae,
1432 1518 1512 1582 qui

101 1594 312 1642 similiter
337 1594 513 1642 eisdem
541 1611 590 1642 se
615 1595 940 1642 reddiderunt.
970 1595 1143 1642 Deinde
1169 1596 1508 1643 mandaverunt

101 1671 276 1728 comiti,
306 1671 386 1734 qui
416 1677 516 1718 erat
544 1671 769 1727 Curtraci,
799 1670 926 1734 quod
959 1670 1057 1717 sine
1087 1687 1218 1718 mora
1247 1672 1428 1718 veniret
1454 1672 1513 1719 ad

100 1765 198 1805 eos,
229 1748 449 1812 quoniam
475 1748 532 1796 ad
561 1765 610 1796 se
636 1754 926 1796 attraxerant
952 1764 1138 1795 omnem
1165 1751 1356 1796 Bassam
1382 1749 1513 1795 Flan-

102 1823 270 1871 driam.

165 1902 330 1948 Comes
354 1917 485 1964 ergo,
511 1900 729 1948 omnibus
753 1901 1011 1964 dispositis,
1035 1908 1082 1949 et
1100 1901 1277 1948 vocatis
1296 1900 1514 1949 omnibus

101 1976 262 2024 amicis
289 1977 384 2024 suis
411 1994 491 2025 seu
519 1978 606 2025 sibi
632 1978 751 2026 bene
777 1977 1059 2034 volentibus,
1087 1976 1210 2023 venit
1235 1976 1293 2023 ad
1318 1977 1513 2039 Disque-

101 2070 226 2110 mue,
256 2052 336 2100 ubi
362 2053 511 2101 leticia
543 2054 659 2101 facta
690 2060 760 2101 est
791 2054 849 2101 de
881 2054 1083 2101 adventu
1110 2053 1198 2110 sui,
1228 2069 1513 2116 quamquam

101 2129 163 2176 illi
183 2129 241 2176 de
263 2129 369 2176 villa
388 2130 511 2177 aliud
535 2131 795 2195 cogitarent
822 2149 830 2177 :
856 2147 965 2177 nam
984 2130 1325 2177 mandaverunt
1345 2130 1511 2193 Brugis

101 2205 319 2270 quatinus
341 2207 553 2254 venirent
578 2208 637 2254 ad
663 2224 744 2255 eos
771 2207 1041 2254 festinanter
1061 2212 1106 2253 et
1126 2205 1253 2269 quod
1274 2206 1512 2254 traderent

101 2280 167 2328 eis
187 2281 344 2328 villam
369 2298 475 2329 cum
502 2283 672 2330 comite
697 2283 910 2331 Flandrie
937 2289 982 2329 et
1009 2282 1225 2330 omnibus
1245 2282 1511 2330 hominibus

100 2356 212 2404 suis.
243 2357 405 2405 Statim
430 2375 542 2422 ergo
569 2362 832 2423 Brugenses
863 2359 1094 2415 exierunt,
1123 2365 1170 2406 et
1195 2365 1424 2406 venerunt
1452 2359 1510 2406 ad

98 2449 240 2479 unam
266 2434 417 2480 villam
444 2435 630 2482 nomine
656 2435 837 2491 Bersffi,
871 2451 1021 2498 prope
1046 2434 1335 2498 Disquemue.

162 2511 309 2556 Porro
344 2510 406 2556 illi
442 2510 500 2558 de
538 2510 808 2574 Disquemae
847 2518 1191 2574 proposuerant
1232 2513 1360 2575 quod
1394 2512 1506 2559 dum

99 2603 256 2634 comes
281 2593 327 2635 et
352 2587 422 2634 sui
449 2587 725 2644 dormirent,
750 2594 912 2650 portas
938 2588 1043 2636 ville
1069 2589 1309 2651 aperirent
1326 2595 1371 2635 et
1391 2591 1506 2635 Bru-

152 2759 180 2793 1.
204 2758 354 2805 Beerst,
377 2758 705 2796 arrondissement
727 2764 764 2795 et
785 2764 926 2796 canton
949 2760 993 2795 de
1016 2760 1225 2796 Dixmude.
