<?xml version="1.0" encoding="UTF-8"?>
<!DOCTYPE html PUBLIC "-//W3C//DTD XHTML 1.0 Transitional//EN"
    "http://www.w3.org/TR/xhtml1/DTD/xhtml1-transitional.dtd">
<html xmlns="http://www.w3.org/1999/xhtml" xml:lang="en" lang="en">
 <head>
  <title>
</title>
<meta http-equiv="Content-Type" content="text/html;charset=utf-8" />
  <meta name='ocr-system' content='tesseract 3.04.00' />
  <meta name='ocr-capabilities' content='ocr_page ocr_carea ocr_par ocr_line ocrx_word'/>
</head>
<body>
  <div class='ocr_page' id='page_1' title='image "./chronographiareg02mora_0303.png"; bbox 0 0 1923 3358; ppageno 0'>
   <div class='ocr_carea' id='block_1_1' title="bbox 112 329 1512 376">
    <p class='ocr_par' dir='ltr' id='par_1_1' title="bbox 112 329 1512 376">
     <span class='ocr_line' id='line_1_1' title="bbox 112 329 1512 376; baseline -0.001 -10"><span class='ocrx_word' id='word_1_1' title='bbox 112 330 216 376; x_wconf 86' lang='grc'><strong>1360]</strong></span> <span class='ocrx_word' id='word_1_2' title='bbox 385 334 756 367; x_wconf 81' lang='lat' dir='ltr'><strong>CHRONOGRAPHIA</strong></span> <span class='ocrx_word' id='word_1_3' title='bbox 782 335 934 367; x_wconf 86' lang='lat' dir='ltr'>REGUM</span> <span class='ocrx_word' id='word_1_4' title='bbox 960 334 1239 367; x_wconf 83' lang='lat' dir='ltr'><strong>FRANCORUM..</strong></span> <span class='ocrx_word' id='word_1_5' title='bbox 1448 329 1512 366; x_wconf 67' lang='lat'>‘291</span> 
     </span>
    </p>
   </div>
   <div class='ocr_carea' id='block_1_2' title="bbox 106 412 1518 1016">
    <p class='ocr_par' dir='ltr' id='par_1_2' title="bbox 106 412 1518 1016">
     <span class='ocr_line' id='line_1_2' title="bbox 109 412 1517 478; baseline 0.001 -19"><span class='ocrx_word' id='word_1_6' title='bbox 109 412 293 460; x_wconf 87' lang='lat' dir='ltr'>comitis</span> <span class='ocrx_word' id='word_1_7' title='bbox 317 413 550 470; x_wconf 86' lang='lat' dir='ltr'>Flandrie‚</span> <span class='ocrx_word' id='word_1_8' title='bbox 578 414 786 462; x_wconf 84' lang='lat' dir='ltr'>Jobanne</span> <span class='ocrx_word' id='word_1_9' title='bbox 814 414 872 462; x_wconf 89' lang='lat' dir='ltr'>de</span> <span class='ocrx_word' id='word_1_10' title='bbox 903 414 1232 478; x_wconf 83' lang='lat' dir='ltr'>Longovillari‚</span> <span class='ocrx_word' id='word_1_11' title='bbox 1263 417 1517 478; x_wconf 83' lang='lat' dir='ltr'>Ingerrano</span> 
     </span>
     <span class='ocr_line' id='line_1_3' title="bbox 109 490 1517 555; baseline 0.003 -20"><span class='ocrx_word' id='word_1_12' title='bbox 109 490 308 546; x_wconf 88' lang='lat' dir='ltr'>Deudin,</span> <span class='ocrx_word' id='word_1_13' title='bbox 334 491 577 538; x_wconf 87' lang='lat' dir='ltr'>Baldraino</span> <span class='ocrx_word' id='word_1_14' title='bbox 605 491 663 538; x_wconf 90' lang='lat' dir='ltr'>de</span> <span class='ocrx_word' id='word_1_15' title='bbox 689 495 842 539; x_wconf 92' lang='lat' dir='ltr'>Heuza</span> <span class='ocrx_word' id='word_1_16' title='bbox 866 497 913 539; x_wconf 91' lang='lat' dir='ltr'>et</span> <span class='ocrx_word' id='word_1_17' title='bbox 938 492 1150 555; x_wconf 87' lang='lat' dir='ltr'>pluribus</span> <span class='ocrx_word' id='word_1_18' title='bbox 1173 491 1272 538; x_wconf 87' lang='lat' dir='ltr'>aliis</span> <span class='ocrx_word' id='word_1_19' title='bbox 1295 491 1517 539; x_wconf 85' lang='lat' dir='ltr'>militibus</span> 
     </span>
     <span class='ocr_line' id='line_1_4' title="bbox 109 567 1517 632; baseline 0.002 -19"><span class='ocrx_word' id='word_1_20' title='bbox 109 573 248 629; x_wconf 91' lang='lat' dir='ltr'>atque</span> <span class='ocrx_word' id='word_1_21' title='bbox 286 567 520 616; x_wconf 89' lang='lat' dir='ltr'>nobilibus</span> <span class='ocrx_word' id='word_1_22' title='bbox 555 574 601 615; x_wconf 90' lang='lat' dir='ltr'>et</span> <span class='ocrx_word' id='word_1_23' title='bbox 638 569 893 632; x_wconf 89' lang='lat' dir='ltr'>plebeianis</span> <span class='ocrx_word' id='word_1_24' title='bbox 921 569 1002 631; x_wconf 89' lang='lat' dir='ltr'>qui</span> <span class='ocrx_word' id='word_1_25' title='bbox 1033 568 1337 617; x_wconf 83' lang='lat' dir='ltr'>intendebant</span> <span class='ocrx_word' id='word_1_26' title='bbox 1364 568 1432 616; x_wconf 89' lang='lat' dir='ltr'>ire</span> <span class='ocrx_word' id='word_1_27' title='bbox 1457 569 1517 616; x_wconf 90' lang='lat' dir='ltr'>ad</span> 
     </span>
     <span class='ocr_line' id='line_1_5' title="bbox 108 644 1518 706; baseline 0.001 -16"><span class='ocrx_word' id='word_1_28' title='bbox 108 649 298 706; x_wconf 89' lang='lat' dir='ltr'>portum</span> <span class='ocrx_word' id='word_1_29' title='bbox 331 644 389 691; x_wconf 94' lang='lat' dir='ltr'>de</span> <span class='ocrx_word' id='word_1_30' title='bbox 417 645 638 692; x_wconf 75' lang='lat' dir='ltr'>Sandvic¹</span> <span class='ocrx_word' id='word_1_31' title='bbox 671 646 749 692; x_wconf 90' lang='lat' dir='ltr'>ubi</span> <span class='ocrx_word' id='word_1_32' title='bbox 777 647 1027 702; x_wconf 81' lang='lat' dir='ltr'>Johannes,</span> <span class='ocrx_word' id='word_1_33' title='bbox 1056 662 1141 692; x_wconf 89' lang='lat' dir='ltr'>rex</span> <span class='ocrx_word' id='word_1_34' title='bbox 1176 646 1385 702; x_wconf 84' lang='lat' dir='ltr'>Francie,</span> <span class='ocrx_word' id='word_1_35' title='bbox 1419 651 1518 693; x_wconf 85' lang='lat' dir='ltr'>erat</span> 
     </span>
     <span class='ocr_line' id='line_1_6' title="bbox 108 719 1518 786; baseline 0.003 -20"><span class='ocrx_word' id='word_1_36' title='bbox 108 719 441 783; x_wconf 88' lang='lat' dir='ltr'>inprisionatus</span> <span class='ocrx_word' id='word_1_37' title='bbox 476 727 522 768; x_wconf 82' lang='lat' dir='ltr'>et</span> <span class='ocrx_word' id='word_1_38' title='bbox 559 721 778 769; x_wconf 89' lang='lat' dir='ltr'>eumdem</span> <span class='ocrx_word' id='word_1_39' title='bbox 815 738 976 786; x_wconf 82' lang='lat' dir='ltr'>regem</span> <span class='ocrx_word' id='word_1_40' title='bbox 1008 721 1066 768; x_wconf 89' lang='lat' dir='ltr'>ab</span> <span class='ocrx_word' id='word_1_41' title='bbox 1097 722 1260 786; x_wconf 81' lang='lat' dir='ltr'>Anglia</span> <span class='ocrx_word' id='word_1_42' title='bbox 1293 722 1518 770; x_wconf 75' lang='lat' dir='ltr'>reducere</span> 
     </span>
     <span class='ocr_line' id='line_1_7' title="bbox 106 796 1518 862; baseline 0.002 -19"><span class='ocrx_word' id='word_1_43' title='bbox 106 796 154 843; x_wconf 89' lang='lat' dir='ltr'>in</span> <span class='ocrx_word' id='word_1_44' title='bbox 192 797 485 854; x_wconf 76' lang='lat' dir='ltr'>Franciam23</span> <span class='ocrx_word' id='word_1_45' title='bbox 522 797 841 862; x_wconf 80' lang='lat' dir='ltr'>intrantesque</span> <span class='ocrx_word' id='word_1_46' title='bbox 880 815 1032 855; x_wconf 86' lang='lat' dir='ltr'>mare,</span> <span class='ocrx_word' id='word_1_47' title='bbox 1074 798 1203 846; x_wconf 88' lang='lat' dir='ltr'>affuit</span> <span class='ocrx_word' id='word_1_48' title='bbox 1242 798 1309 846; x_wconf 90' lang='lat' dir='ltr'>eis</span> <span class='ocrx_word' id='word_1_49' title='bbox 1349 805 1518 846; x_wconf 87' lang='lat' dir='ltr'>ventus</span> 
     </span>
     <span class='ocr_line' id='line_1_8' title="bbox 106 873 1513 939; baseline 0.002 -19"><span class='ocrx_word' id='word_1_50' title='bbox 106 873 385 931; x_wconf 85' lang='lat' dir='ltr'>contrarius,</span> <span class='ocrx_word' id='word_1_51' title='bbox 414 874 478 921; x_wconf 89' lang='lat' dir='ltr'>ita</span> <span class='ocrx_word' id='word_1_52' title='bbox 510 880 561 922; x_wconf 89' lang='lat' dir='ltr'>ut</span> <span class='ocrx_word' id='word_1_53' title='bbox 590 891 676 938; x_wconf 88' lang='lat' dir='ltr'>per</span> <span class='ocrx_word' id='word_1_54' title='bbox 701 891 843 922; x_wconf 90' lang='lat' dir='ltr'>unam</span> <span class='ocrx_word' id='word_1_55' title='bbox 874 875 1184 939; x_wconf 85' lang='lat' dir='ltr'>septimanam</span> <span class='ocrx_word' id='word_1_56' title='bbox 1211 882 1513 932; x_wconf 84' lang='lat' dir='ltr'>vacaverunt,</span> 
     </span>
     <span class='ocr_line' id='line_1_9' title="bbox 106 951 1188 1016; baseline 0.002 -18"><span class='ocrx_word' id='word_1_57' title='bbox 106 966 199 998; x_wconf 92' lang='lat' dir='ltr'>non</span> <span class='ocrx_word' id='word_1_58' title='bbox 226 951 432 998; x_wconf 86' lang='lat' dir='ltr'>valentes</span> <span class='ocrx_word' id='word_1_59' title='bbox 457 951 579 998; x_wconf 86' lang='lat' dir='ltr'>ultra</span> <span class='ocrx_word' id='word_1_60' title='bbox 606 952 826 1016; x_wconf 86' lang='lat' dir='ltr'>navigare</span> <span class='ocrx_word' id='word_1_61' title='bbox 851 958 933 1000; x_wconf 89' lang='lat' dir='ltr'>aut</span> <span class='ocrx_word' id='word_1_62' title='bbox 957 969 1188 1001; x_wconf 88' lang='lat' dir='ltr'>remeare.</span> 
     </span>
    </p>
   </div>
   <div class='ocr_carea' id='block_1_3' title="bbox 105 1034 1519 1329">
    <p class='ocr_par' dir='ltr' id='par_1_3' title="bbox 105 1034 1519 1329">
     <span class='ocr_line' id='line_1_10' title="bbox 168 1034 1517 1101; baseline 0.001 -20"><span class='ocrx_word' id='word_1_63' title='bbox 168 1034 373 1082; x_wconf 83' lang='lat' dir='ltr'>Tandem</span> <span class='ocrx_word' id='word_1_64' title='bbox 398 1051 513 1082; x_wconf 88' lang='lat' dir='ltr'>vero</span> <span class='ocrx_word' id='word_1_65' title='bbox 538 1035 864 1099; x_wconf 86' lang='lat' dir='ltr'>applicuerunt</span> <span class='ocrx_word' id='word_1_66' title='bbox 898 1036 944 1082; x_wconf 90' lang='lat' dir='ltr'>in</span> <span class='ocrx_word' id='word_1_67' title='bbox 977 1036 1232 1101; x_wconf 82' lang='lat' dir='ltr'>Anglicano</span> <span class='ocrx_word' id='word_1_68' title='bbox 1268 1036 1425 1084; x_wconf 87' lang='lat' dir='ltr'>littore</span> <span class='ocrx_word' id='word_1_69' title='bbox 1458 1036 1517 1083; x_wconf 90' lang='lat' dir='ltr'>ad</span> 
     </span>
     <span class='ocr_line' id='line_1_11' title="bbox 105 1110 1513 1173; baseline 0.001 -15"><span class='ocrx_word' id='word_1_70' title='bbox 105 1110 358 1173; x_wconf 90' lang='lat' dir='ltr'>quamdam</span> <span class='ocrx_word' id='word_1_71' title='bbox 380 1128 573 1168; x_wconf 76' lang='lat' dir='ltr'>Wazam,</span> <span class='ocrx_word' id='word_1_72' title='bbox 598 1129 688 1159; x_wconf 89' lang='lat' dir='ltr'>una</span> <span class='ocrx_word' id='word_1_73' title='bbox 708 1112 836 1160; x_wconf 89' lang='lat' dir='ltr'>leuca</span> <span class='ocrx_word' id='word_1_74' title='bbox 863 1112 1116 1160; x_wconf 83' lang='lat' dir='ltr'>distantem</span> <span class='ocrx_word' id='word_1_75' title='bbox 1134 1129 1161 1159; x_wconf 91' lang='lat' dir='ltr'>a</span> <span class='ocrx_word' id='word_1_76' title='bbox 1178 1112 1513 1170; x_wconf 80' lang='lat' dir='ltr'>Wincenezel3‚</span> 
     </span>
     <span class='ocr_line' id='line_1_12' title="bbox 105 1188 1518 1250; baseline 0.001 -16"><span class='ocrx_word' id='word_1_77' title='bbox 105 1204 196 1250; x_wconf 89' lang='lat' dir='ltr'>que</span> <span class='ocrx_word' id='word_1_78' title='bbox 222 1194 319 1235; x_wconf 84' lang='lat' dir='ltr'>erat</span> <span class='ocrx_word' id='word_1_79' title='bbox 355 1188 462 1235; x_wconf 84' lang='lat' dir='ltr'>villa</span> <span class='ocrx_word' id='word_1_80' title='bbox 494 1188 617 1236; x_wconf 91' lang='lat' dir='ltr'>bona</span> <span class='ocrx_word' id='word_1_81' title='bbox 650 1195 695 1236; x_wconf 86' lang='lat' dir='ltr'>et</span> <span class='ocrx_word' id='word_1_82' title='bbox 728 1189 982 1237; x_wconf 75' lang='lat' dir='ltr'>mercatrix</span> <span class='ocrx_word' id='word_1_83' title='bbox 1017 1196 1062 1237; x_wconf 86' lang='lat' dir='ltr'>et</span> <span class='ocrx_word' id='word_1_84' title='bbox 1094 1190 1372 1237; x_wconf 85' lang='lat' dir='ltr'>victualibus</span> <span class='ocrx_word' id='word_1_85' title='bbox 1398 1189 1518 1236; x_wconf 89' lang='lat' dir='ltr'>bene</span> 
     </span>
     <span class='ocr_line' id='line_1_13' title="bbox 105 1264 1519 1329; baseline 0.002 -18"><span class='ocrx_word' id='word_1_86' title='bbox 105 1264 312 1328; x_wconf 81' lang='lat' dir='ltr'>provisa.</span> <span class='ocrx_word' id='word_1_87' title='bbox 342 1268 577 1313; x_wconf 85' lang='lat' dir='ltr'>Exeuntes</span> <span class='ocrx_word' id='word_1_88' title='bbox 602 1282 790 1329; x_wconf 85' lang='lat' dir='ltr'>quoque</span> <span class='ocrx_word' id='word_1_89' title='bbox 816 1266 875 1313; x_wconf 92' lang='lat' dir='ltr'>de</span> <span class='ocrx_word' id='word_1_90' title='bbox 901 1266 1117 1323; x_wconf 87' lang='lat' dir='ltr'>navibus,</span> <span class='ocrx_word' id='word_1_91' title='bbox 1140 1266 1286 1329; x_wconf 90' lang='lat' dir='ltr'>pedes</span> <span class='ocrx_word' id='word_1_92' title='bbox 1312 1282 1519 1314; x_wconf 87' lang='lat' dir='ltr'>accesse-</span> 
     </span>
    </p>
   </div>
   <div class='ocr_carea' id='block_1_4' title="bbox 102 1421 1519 2772">
    <p class='ocr_par' dir='ltr' id='par_1_4' title="bbox 104 1421 1518 1589">
     <span class='ocr_line' id='line_1_14' title="bbox 153 1421 1515 1471; baseline 0.001 -13"><span class='ocrx_word' id='word_1_93' title='bbox 153 1423 185 1458; x_wconf 85' lang='lat'>1.</span> <span class='ocrx_word' id='word_1_94' title='bbox 210 1421 421 1459; x_wconf 84' lang='lat' dir='ltr'>Sandwich</span> <span class='ocrx_word' id='word_1_95' title='bbox 441 1423 538 1459; x_wconf 80' lang='lat' dir='ltr'>dans</span> <span class='ocrx_word' id='word_1_96' title='bbox 552 1423 587 1459; x_wconf 89' lang='lat' dir='ltr'>le</span> <span class='ocrx_word' id='word_1_97' title='bbox 609 1423 728 1459; x_wconf 86' lang='lat' dir='ltr'>Kent.</span> <span class='ocrx_word' id='word_1_98' title='bbox 745 1423 805 1459; x_wconf 89' lang='lat' dir='ltr'>En</span> <span class='ocrx_word' id='word_1_99' title='bbox 826 1423 907 1470; x_wconf 84' lang='lat' dir='ltr'>fait,</span> <span class='ocrx_word' id='word_1_100' title='bbox 925 1424 960 1460; x_wconf 91' lang='lat' dir='ltr'>le</span> <span class='ocrx_word' id='word_1_101' title='bbox 982 1423 1037 1460; x_wconf 89' lang='lat' dir='ltr'>roi</span> <span class='ocrx_word' id='word_1_102' title='bbox 1057 1424 1159 1460; x_wconf 87' lang='lat' dir='ltr'>Jean</span> <span class='ocrx_word' id='word_1_103' title='bbox 1174 1423 1270 1460; x_wconf 81' lang='lat' dir='ltr'>etait</span> <span class='ocrx_word' id='word_1_104' title='bbox 1290 1424 1312 1459; x_wconf 77' lang='lat' dir='ltr'>a</span> <span class='ocrx_word' id='word_1_105' title='bbox 1333 1424 1515 1471; x_wconf 83' lang='lat' dir='ltr'>l’oppose&#39;,</span> 
     </span>
     <span class='ocr_line' id='line_1_15' title="bbox 104 1480 1518 1530; baseline 0.002 -14"><span class='ocrx_word' id='word_1_106' title='bbox 104 1480 200 1517; x_wconf 87' lang='lat' dir='ltr'>dans</span> <span class='ocrx_word' id='word_1_107' title='bbox 221 1481 255 1518; x_wconf 89' lang='lat' dir='ltr'>le</span> <span class='ocrx_word' id='word_1_108' title='bbox 278 1482 488 1518; x_wconf 86' lang='lat' dir='ltr'>Somerset.</span> <span class='ocrx_word' id='word_1_109' title='bbox 508 1483 562 1518; x_wconf 88' lang='lat' dir='ltr'>La</span> <span class='ocrx_word' id='word_1_110' title='bbox 584 1483 791 1528; x_wconf 73' lang='lat' dir='ltr'>Clzronz&#39;que</span> <span class='ocrx_word' id='word_1_111' title='bbox 811 1484 870 1518; x_wconf 80' lang='lat' dir='ltr'>cles</span> <span class='ocrx_word' id='word_1_112' title='bbox 888 1487 1019 1528; x_wconf 77' lang='lat' dir='ltr'>quatre</span> <span class='ocrx_word' id='word_1_113' title='bbox 1034 1486 1214 1529; x_wconf 76' lang='lat' dir='ltr'>premiers</span> <span class='ocrx_word' id='word_1_114' title='bbox 1236 1484 1353 1519; x_wconf 68' lang='lat' dir='ltr'>Vazois</span> <span class='ocrx_word' id='word_1_115' title='bbox 1369 1486 1416 1530; x_wconf 82' lang='lat' dir='ltr'>(p.</span> <span class='ocrx_word' id='word_1_116' title='bbox 1436 1483 1518 1529; x_wconf 91' lang='grc'><strong>111)</strong></span> 
     </span>
     <span class='ocr_line' id='line_1_16' title="bbox 104 1540 1331 1589; baseline 0.002 -13"><span class='ocrx_word' id='word_1_117' title='bbox 104 1540 158 1577; x_wconf 86' lang='lat' dir='ltr'>dit</span> <span class='ocrx_word' id='word_1_118' title='bbox 179 1551 252 1588; x_wconf 90' lang='lat' dir='ltr'>que</span> <span class='ocrx_word' id='word_1_119' title='bbox 273 1541 308 1577; x_wconf 89' lang='lat' dir='ltr'>le</span> <span class='ocrx_word' id='word_1_120' title='bbox 329 1541 631 1589; x_wconf 84' lang='lat' dir='ltr'>de&#39;barquement</span> <span class='ocrx_word' id='word_1_121' title='bbox 652 1547 717 1578; x_wconf 85' lang='lat' dir='ltr'>eut</span> <span class='ocrx_word' id='word_1_122' title='bbox 738 1541 813 1578; x_wconf 89' lang='lat' dir='ltr'>lieu</span> <span class='ocrx_word' id='word_1_123' title='bbox 835 1542 857 1578; x_wconf 81' lang='lat' dir='ltr'>a</span> <span class='ocrx_word' id='word_1_124' title='bbox 879 1542 977 1589; x_wconf 83' lang='lat' dir='ltr'>Rye,</span> <span class='ocrx_word' id='word_1_125' title='bbox 999 1542 1095 1578; x_wconf 89' lang='lat' dir='ltr'>dans</span> <span class='ocrx_word' id='word_1_126' title='bbox 1114 1542 1148 1578; x_wconf 90' lang='lat' dir='ltr'>le</span> <span class='ocrx_word' id='word_1_127' title='bbox 1171 1542 1331 1579; x_wconf 78' lang='lat' dir='ltr'>Sussex.</span> 
     </span>
    </p>

    <p class='ocr_par' dir='ltr' id='par_1_5' title="bbox 102 1597 1519 2772">
     <span class='ocr_line' id='line_1_17' title="bbox 151 1597 1519 1653; baseline 0.002 -12"><span class='ocrx_word' id='word_1_128' title='bbox 151 1605 186 1641; x_wconf 71' lang='lat'>2.</span> <span class='ocrx_word' id='word_1_129' title='bbox 209 1606 261 1642; x_wconf 85' lang='lat' dir='ltr'>Le</span> <span class='ocrx_word' id='word_1_130' title='bbox 294 1607 344 1641; x_wconf 72' lang='lat' dir='ltr'>ier</span> <span class='ocrx_word' id='word_1_131' title='bbox 373 1617 477 1642; x_wconf 81' lang='lat' dir='ltr'>mars</span> <span class='ocrx_word' id='word_1_132' title='bbox 506 1606 596 1642; x_wconf 79' lang='lat'>1360</span> <span class='ocrx_word' id='word_1_133' title='bbox 627 1607 678 1652; x_wconf 84' lang='lat' dir='ltr'>(n.</span> <span class='ocrx_word' id='word_1_134' title='bbox 709 1609 788 1653; x_wconf 55' lang='lat' dir='ltr'>st),</span> <span class='ocrx_word' id='word_1_135' title='bbox 815 1597 996 1643; x_wconf 73' lang='lat' dir='ltr'>Edouard</span> <span class='ocrx_word' id='word_1_136' title='bbox 1016 1607 1075 1642; x_wconf 84' lang='lat'>111</span> <span class='ocrx_word' id='word_1_137' title='bbox 1105 1607 1265 1643; x_wconf 61' lang='lat' dir='ltr'>eerivait</span> <span class='ocrx_word' id='word_1_138' title='bbox 1290 1620 1297 1642; x_wconf 81' lang='grc'>;</span> <span class='ocrx_word' id='word_1_139' title='bbox 1331 1621 1346 1640; x_wconf 85' lang='grc'>«</span> <span class='ocrx_word' id='word_1_140' title='bbox 1377 1607 1519 1643; x_wconf 79' lang='lat' dir='ltr'>Sciatis</span> 
     </span>
     <span class='ocr_line' id='line_1_18' title="bbox 106 1664 1519 1713; baseline 0.003 -15"><span class='ocrx_word' id='word_1_141' title='bbox 106 1677 121 1698; x_wconf 91' lang='lat'>«</span> <span class='ocrx_word' id='word_1_142' title='bbox 143 1664 258 1712; x_wconf 87' lang='lat' dir='ltr'>quod,</span> <span class='ocrx_word' id='word_1_143' title='bbox 293 1676 341 1701; x_wconf 81' lang='lat' dir='ltr'>ex</span> <span class='ocrx_word' id='word_1_144' title='bbox 374 1665 490 1701; x_wconf 85' lang='lat' dir='ltr'>certis</span> <span class='ocrx_word' id='word_1_145' title='bbox 523 1665 759 1710; x_wconf 87' lang='lat' dir='ltr'>rumoribus,</span> <span class='ocrx_word' id='word_1_146' title='bbox 793 1676 888 1712; x_wconf 87' lang='lat' dir='ltr'>quos</span> <span class='ocrx_word' id='word_1_147' title='bbox 922 1666 969 1701; x_wconf 92' lang='lat' dir='ltr'>de</span> <span class='ocrx_word' id='word_1_148' title='bbox 1001 1665 1172 1702; x_wconf 87' lang='lat' dir='ltr'>inimicis</span> <span class='ocrx_word' id='word_1_149' title='bbox 1205 1666 1364 1711; x_wconf 84' lang='lat' dir='ltr'>nostris,</span> <span class='ocrx_word' id='word_1_150' title='bbox 1402 1677 1519 1713; x_wconf 85' lang='lat' dir='ltr'>supra</span> 
     </span>
     <span class='ocr_line' id='line_1_19' title="bbox 107 1723 1517 1773; baseline 0.002 -15"><span class='ocrx_word' id='word_1_151' title='bbox 107 1735 123 1757; x_wconf 73' lang='grc' dir='ltr'>(ι</span> <span class='ocrx_word' id='word_1_152' title='bbox 145 1733 268 1768; x_wconf 85' lang='lat' dir='ltr'>mare,</span> <span class='ocrx_word' id='word_1_153' title='bbox 290 1723 331 1759; x_wconf 89' lang='lat' dir='ltr'>in</span> <span class='ocrx_word' id='word_1_154' title='bbox 351 1735 493 1771; x_wconf 82' lang='lat' dir='ltr'>magno</span> <span class='ocrx_word' id='word_1_155' title='bbox 514 1725 670 1771; x_wconf 79' lang='lat' dir='ltr'>navigio</span> <span class='ocrx_word' id='word_1_156' title='bbox 697 1724 970 1771; x_wconf 77' lang='lat' dir='ltr'>existentibus,</span> <span class='ocrx_word' id='word_1_157' title='bbox 992 1724 1058 1773; x_wconf 91' lang='lat' dir='ltr'>qui</span> <span class='ocrx_word' id='word_1_158' title='bbox 1078 1725 1125 1760; x_wconf 90' lang='lat' dir='ltr'>ad</span> <span class='ocrx_word' id='word_1_159' title='bbox 1152 1736 1317 1772; x_wconf 82' lang='lat' dir='ltr'>regnum</span> <span class='ocrx_word' id='word_1_160' title='bbox 1339 1730 1517 1762; x_wconf 85' lang='lat' dir='ltr'>nostrum</span> 
     </span>
     <span class='ocr_line' id='line_1_20' title="bbox 107 1782 1516 1830; baseline 0.001 -12"><span class='ocrx_word' id='word_1_161' title='bbox 107 1798 122 1817; x_wconf 88' lang='lat'>«</span> <span class='ocrx_word' id='word_1_162' title='bbox 144 1782 299 1830; x_wconf 74' lang='lat' dir='ltr'>Angliae</span> <span class='ocrx_word' id='word_1_163' title='bbox 319 1783 584 1820; x_wconf 83' lang='lat' dir='ltr'>invadendum</span> <span class='ocrx_word' id='word_1_164' title='bbox 605 1790 643 1820; x_wconf 90' lang='lat' dir='ltr'>et</span> <span class='ocrx_word' id='word_1_165' title='bbox 664 1784 932 1821; x_wconf 87' lang='lat' dir='ltr'>adversarium</span> <span class='ocrx_word' id='word_1_166' title='bbox 953 1789 1130 1820; x_wconf 87' lang='lat' dir='ltr'>nostrum</span> <span class='ocrx_word' id='word_1_167' title='bbox 1149 1784 1325 1820; x_wconf 85' lang='lat' dir='ltr'>Franciae</span> <span class='ocrx_word' id='word_1_168' title='bbox 1348 1795 1370 1819; x_wconf 87' lang='lat' dir='ltr'>a</span> <span class='ocrx_word' id='word_1_169' title='bbox 1390 1789 1516 1820; x_wconf 88' lang='lat' dir='ltr'>custo-</span> 
     </span>
     <span class='ocr_line' id='line_1_21' title="bbox 105 1841 1515 1891; baseline 0.001 -14"><span class='ocrx_word' id='word_1_170' title='bbox 105 1856 120 1877; x_wconf 78' lang='lat'><strong>«</strong></span> <span class='ocrx_word' id='word_1_171' title='bbox 143 1841 205 1878; x_wconf 85' lang='lat' dir='ltr'>dia.</span> <span class='ocrx_word' id='word_1_172' title='bbox 226 1852 301 1889; x_wconf 84' lang='lat' dir='ltr'>qua.</span> <span class='ocrx_word' id='word_1_173' title='bbox 325 1841 406 1889; x_wconf 84' lang='lat' dir='ltr'>jam</span> <span class='ocrx_word' id='word_1_174' title='bbox 427 1841 636 1891; x_wconf 82' lang='lat' dir='ltr'>detinetur,</span> <span class='ocrx_word' id='word_1_175' title='bbox 658 1841 917 1878; x_wconf 84' lang='lat' dir='ltr'>deliberare...</span> <span class='ocrx_word' id='word_1_176' title='bbox 942 1855 958 1875; x_wconf 88' lang='lat'>»</span> <span class='ocrx_word' id='word_1_177' title='bbox 982 1842 1029 1878; x_wconf 87' lang='lat' dir='ltr'>Et</span> <span class='ocrx_word' id='word_1_178' title='bbox 1049 1842 1076 1877; x_wconf 92' lang='lat' dir='ltr'>il</span> <span class='ocrx_word' id='word_1_179' title='bbox 1097 1842 1225 1878; x_wconf 81' lang='lat' dir='ltr'>faisait</span> <span class='ocrx_word' id='word_1_180' title='bbox 1246 1842 1460 1878; x_wconf 78' lang='lat' dir='ltr'>transferer</span> <span class='ocrx_word' id='word_1_181' title='bbox 1482 1843 1515 1879; x_wconf 91' lang='lat' dir='ltr'>le</span> 
     </span>
     <span class='ocr_line' id='line_1_22' title="bbox 103 1900 1516 1947; baseline -0.001 -9"><span class='ocrx_word' id='word_1_182' title='bbox 103 1901 158 1938; x_wconf 85' lang='lat' dir='ltr'>roi</span> <span class='ocrx_word' id='word_1_183' title='bbox 179 1901 280 1937; x_wconf 84' lang='lat' dir='ltr'>Jean</span> <span class='ocrx_word' id='word_1_184' title='bbox 306 1900 356 1936; x_wconf 88' lang='lat' dir='ltr'>du</span> <span class='ocrx_word' id='word_1_185' title='bbox 384 1901 548 1937; x_wconf 76' lang='lat' dir='ltr'>chateau</span> <span class='ocrx_word' id='word_1_186' title='bbox 569 1901 614 1938; x_wconf 84' lang='lat' dir='ltr'>de</span> <span class='ocrx_word' id='word_1_187' title='bbox 644 1901 865 1947; x_wconf 84' lang='lat' dir='ltr'>Somerton,</span> <span class='ocrx_word' id='word_1_188' title='bbox 888 1901 985 1936; x_wconf 87' lang='lat' dir='ltr'>dans</span> <span class='ocrx_word' id='word_1_189' title='bbox 1006 1902 1041 1938; x_wconf 86' lang='lat' dir='ltr'>le</span> <span class='ocrx_word' id='word_1_190' title='bbox 1070 1901 1282 1946; x_wconf 82' lang='lat' dir='ltr'>Somerset‚</span> <span class='ocrx_word' id='word_1_191' title='bbox 1306 1901 1327 1937; x_wconf 79' lang='lat' dir='ltr'>a</span> <span class='ocrx_word' id='word_1_192' title='bbox 1349 1901 1449 1937; x_wconf 87' lang='lat' dir='ltr'>celui</span> <span class='ocrx_word' id='word_1_193' title='bbox 1470 1901 1516 1937; x_wconf 92' lang='lat' dir='ltr'>de</span> 
     </span>
     <span class='ocr_line' id='line_1_23' title="bbox 104 1959 1516 2006; baseline 0 -11"><span class='ocrx_word' id='word_1_194' title='bbox 104 1959 425 2005; x_wconf 77' lang='lat' dir='ltr'>Berkhamstead‚</span> <span class='ocrx_word' id='word_1_195' title='bbox 444 1959 540 1995; x_wconf 89' lang='lat' dir='ltr'>dans</span> <span class='ocrx_word' id='word_1_196' title='bbox 555 1960 589 1995; x_wconf 84' lang='lat' dir='ltr'>le</span> <span class='ocrx_word' id='word_1_197' title='bbox 610 1959 805 1995; x_wconf 83' lang='lat' dir='ltr'>Hertford.</span> <span class='ocrx_word' id='word_1_198' title='bbox 824 1960 876 1995; x_wconf 91' lang='lat' dir='ltr'>Le</span> <span class='ocrx_word' id='word_1_199' title='bbox 892 1959 1114 1996; x_wconf 85' lang='lat' dir='ltr'>lendemain</span> <span class='ocrx_word' id='word_1_200' title='bbox 1134 1960 1161 1995; x_wconf 83' lang='lat' dir='ltr'>il</span> <span class='ocrx_word' id='word_1_201' title='bbox 1176 1959 1379 2006; x_wconf 77' lang='lat' dir='ltr'>prevenait</span> <span class='ocrx_word' id='word_1_202' title='bbox 1400 1959 1516 2006; x_wconf 83' lang='lat' dir='ltr'>qu’on</span> 
     </span>
     <span class='ocr_line' id='line_1_24' title="bbox 103 2016 1515 2064; baseline 0 -10"><span class='ocrx_word' id='word_1_203' title='bbox 103 2020 168 2054; x_wconf 79' lang='lat' dir='ltr'>eut</span> <span class='ocrx_word' id='word_1_204' title='bbox 190 2017 211 2053; x_wconf 77' lang='lat' dir='ltr'>a</span> <span class='ocrx_word' id='word_1_205' title='bbox 233 2029 273 2053; x_wconf 88' lang='lat' dir='ltr'>se</span> <span class='ocrx_word' id='word_1_206' title='bbox 301 2023 442 2054; x_wconf 85' lang='lat' dir='ltr'>mettre</span> <span class='ocrx_word' id='word_1_207' title='bbox 472 2028 521 2053; x_wconf 87' lang='lat' dir='ltr'>en</span> <span class='ocrx_word' id='word_1_208' title='bbox 550 2028 704 2053; x_wconf 88' lang='lat' dir='ltr'>mesure</span> <span class='ocrx_word' id='word_1_209' title='bbox 731 2017 777 2054; x_wconf 87' lang='lat' dir='ltr'>de</span> <span class='ocrx_word' id='word_1_210' title='bbox 807 2028 1012 2064; x_wconf 86' lang='lat' dir='ltr'>repousser</span> <span class='ocrx_word' id='word_1_211' title='bbox 1042 2017 1225 2064; x_wconf 86' lang='lat' dir='ltr'>l&#39;attaque</span> <span class='ocrx_word' id='word_1_212' title='bbox 1250 2030 1256 2051; x_wconf 92' lang='lat'>:</span> <span class='ocrx_word' id='word_1_213' title='bbox 1283 2030 1299 2050; x_wconf 90' lang='lat'>«</span> <span class='ocrx_word' id='word_1_214' title='bbox 1323 2016 1422 2061; x_wconf 84' lang='lat' dir='ltr'>Quia</span> <span class='ocrx_word' id='word_1_215' title='bbox 1447 2028 1515 2064; x_wconf 91' lang='lat' dir='ltr'>pro</span> 
     </span>
     <span class='ocr_line' id='line_1_25' title="bbox 107 2074 1514 2123; baseline 0.001 -13"><span class='ocrx_word' id='word_1_216' title='bbox 107 2091 122 2110; x_wconf 84' lang='grc'>«</span> <span class='ocrx_word' id='word_1_217' title='bbox 145 2081 249 2113; x_wconf 87' lang='lat' dir='ltr'>certo</span> <span class='ocrx_word' id='word_1_218' title='bbox 277 2075 482 2112; x_wconf 80' lang='lat' dir='ltr'>didicimus</span> <span class='ocrx_word' id='word_1_219' title='bbox 504 2075 604 2123; x_wconf 88' lang='lat' dir='ltr'>quod</span> <span class='ocrx_word' id='word_1_220' title='bbox 631 2075 781 2111; x_wconf 86' lang='lat' dir='ltr'>inimici</span> <span class='ocrx_word' id='word_1_221' title='bbox 802 2076 925 2111; x_wconf 86' lang='lat' dir='ltr'>nostri</span> <span class='ocrx_word' id='word_1_222' title='bbox 952 2075 997 2110; x_wconf 86' lang='lat' dir='ltr'>de</span> <span class='ocrx_word' id='word_1_223' title='bbox 1019 2074 1201 2121; x_wconf 85' lang='lat' dir='ltr'>Francia,</span> <span class='ocrx_word' id='word_1_224' title='bbox 1221 2086 1310 2111; x_wconf 85' lang='lat' dir='ltr'>cum</span> <span class='ocrx_word' id='word_1_225' title='bbox 1336 2075 1514 2112; x_wconf 83' lang='lat' dir='ltr'>multitu—</span> 
     </span>
     <span class='ocr_line' id='line_1_26' title="bbox 105 2133 1513 2181; baseline 0.001 -13"><span class='ocrx_word' id='word_1_226' title='bbox 105 2149 122 2168; x_wconf 82' lang='lat'>«</span> <span class='ocrx_word' id='word_1_227' title='bbox 144 2134 232 2171; x_wconf 86' lang='lat' dir='ltr'>dine</span> <span class='ocrx_word' id='word_1_228' title='bbox 253 2135 455 2171; x_wconf 87' lang='lat' dir='ltr'>hominum</span> <span class='ocrx_word' id='word_1_229' title='bbox 479 2134 525 2170; x_wconf 86' lang='lat' dir='ltr'>ad</span> <span class='ocrx_word' id='word_1_230' title='bbox 547 2145 668 2179; x_wconf 84' lang='lat' dir='ltr'>arma,</span> <span class='ocrx_word' id='word_1_231' title='bbox 693 2140 948 2181; x_wconf 72' lang='lat' dir='ltr'>armatorum,</span> <span class='ocrx_word' id='word_1_232' title='bbox 965 2133 1255 2181; x_wconf 81' lang='lat' dir='ltr'>sagittariorum</span> <span class='ocrx_word' id='word_1_233' title='bbox 1276 2139 1314 2170; x_wconf 87' lang='lat' dir='ltr'>et</span> <span class='ocrx_word' id='word_1_234' title='bbox 1334 2134 1513 2181; x_wconf 80' lang='lat' dir='ltr'>aliorum,</span> 
     </span>
     <span class='ocr_line' id='line_1_27' title="bbox 105 2192 1514 2241; baseline 0 -12"><span class='ocrx_word' id='word_1_235' title='bbox 105 2194 318 2241; x_wconf 86' lang='lat' dir='ltr'>«equitum</span> <span class='ocrx_word' id='word_1_236' title='bbox 347 2199 385 2229; x_wconf 88' lang='lat' dir='ltr'>et</span> <span class='ocrx_word' id='word_1_237' title='bbox 414 2193 600 2240; x_wconf 84' lang='lat' dir='ltr'>peditum,</span> <span class='ocrx_word' id='word_1_238' title='bbox 629 2205 719 2230; x_wconf 87' lang='lat' dir='ltr'>cum</span> <span class='ocrx_word' id='word_1_239' title='bbox 752 2193 860 2240; x_wconf 88' lang='lat' dir='ltr'>equis</span> <span class='ocrx_word' id='word_1_240' title='bbox 894 2192 988 2238; x_wconf 79' lang='lat' dir='ltr'>suis,</span> <span class='ocrx_word' id='word_1_241' title='bbox 1017 2203 1133 2238; x_wconf 89' lang='lat' dir='ltr'>supra</span> <span class='ocrx_word' id='word_1_242' title='bbox 1161 2203 1283 2239; x_wconf 87' lang='lat' dir='ltr'>mare,</span> <span class='ocrx_word' id='word_1_243' title='bbox 1311 2195 1352 2229; x_wconf 81' lang='lat' dir='ltr'>in</span> <span class='ocrx_word' id='word_1_244' title='bbox 1381 2205 1514 2238; x_wconf 73' lang='lat' dir='ltr'>mayno</span> 
     </span>
     <span class='ocr_line' id='line_1_28' title="bbox 105 2251 1514 2299; baseline 0.001 -13"><span class='ocrx_word' id='word_1_245' title='bbox 105 2266 120 2286; x_wconf 76' lang='grc' dir='ltr'>(ι</span> <span class='ocrx_word' id='word_1_246' title='bbox 143 2255 293 2298; x_wconf 73' lang='lat' dir='ltr'>naviyz&#39;o</span> <span class='ocrx_word' id='word_1_247' title='bbox 308 2255 508 2288; x_wconf 74' lang='lat' dir='ltr'>actualiter</span> <span class='ocrx_word' id='word_1_248' title='bbox 521 2255 606 2297; x_wconf 79' lang='lat' dir='ltr'>jam</span> <span class='ocrx_word' id='word_1_249' title='bbox 628 2254 790 2287; x_wconf 66' lang='lat' dir='ltr'>existunt</span> <span class='ocrx_word' id='word_1_250' title='bbox 804 2256 841 2287; x_wconf 87' lang='lat' dir='ltr'>et</span> <span class='ocrx_word' id='word_1_251' title='bbox 862 2261 1026 2298; x_wconf 85' lang='lat' dir='ltr'>regnum</span> <span class='ocrx_word' id='word_1_252' title='bbox 1045 2256 1223 2286; x_wconf 86' lang='lat' dir='ltr'>nostrum</span> <span class='ocrx_word' id='word_1_253' title='bbox 1237 2251 1393 2298; x_wconf 79' lang='lat' dir='ltr'>Angliae</span> <span class='ocrx_word' id='word_1_254' title='bbox 1415 2252 1514 2299; x_wconf 86' lang='lat' dir='ltr'>apud</span> 
     </span>
     <span class='ocr_line' id='line_1_29' title="bbox 105 2309 1512 2359; baseline -0.001 -11"><span class='ocrx_word' id='word_1_255' title='bbox 105 2326 120 2347; x_wconf 78' lang='grc' dir='ltr'><em>α</em></span> <span class='ocrx_word' id='word_1_256' title='bbox 146 2312 407 2359; x_wconf 84' lang='lat' dir='ltr'>Suthampton</span> <span class='ocrx_word' id='word_1_257' title='bbox 428 2312 489 2347; x_wconf 81' lang='lat' dir='ltr'>vel</span> <span class='ocrx_word' id='word_1_258' title='bbox 511 2311 765 2347; x_wconf 86' lang='lat' dir='ltr'>Portesmuth</span> <span class='ocrx_word' id='word_1_259' title='bbox 791 2316 857 2346; x_wconf 90' lang='lat' dir='ltr'>aut</span> <span class='ocrx_word' id='word_1_260' title='bbox 880 2309 1198 2346; x_wconf 76' lang='lat' dir='ltr'>Sandewicum...</span> <span class='ocrx_word' id='word_1_261' title='bbox 1221 2310 1405 2347; x_wconf 87' lang='lat' dir='ltr'>invadere</span> <span class='ocrx_word' id='word_1_262' title='bbox 1425 2322 1512 2358; x_wconf 90' lang='lat' dir='ltr'>pro-</span> 
     </span>
     <span class='ocr_line' id='line_1_30' title="bbox 105 2360 1513 2418; baseline 0.001 -13"><span class='ocrx_word' id='word_1_263' title='bbox 105 2385 119 2405; x_wconf 84' lang='lat'>«</span> <span class='ocrx_word' id='word_1_264' title='bbox 143 2376 306 2418; x_wconf 86' lang='lat' dir='ltr'>ponunt.</span> <span class='ocrx_word' id='word_1_265' title='bbox 334 2385 348 2405; x_wconf 88' lang='lat'>»</span> <span class='ocrx_word' id='word_1_266' title='bbox 371 2371 425 2407; x_wconf 88' lang='lat' dir='ltr'>Le</span> <span class='ocrx_word' id='word_1_267' title='bbox 451 2371 578 2407; x_wconf 76' lang='lat' dir='ltr'>meme</span> <span class='ocrx_word' id='word_1_268' title='bbox 597 2371 698 2418; x_wconf 76' lang='lat' dir='ltr'>Jour‚</span> <span class='ocrx_word' id='word_1_269' title='bbox 720 2360 900 2406; x_wconf 78' lang='lat' dir='ltr'>Edouard</span> <span class='ocrx_word' id='word_1_270' title='bbox 920 2369 979 2405; x_wconf 86' lang='grc' dir='ltr'>ΙΠ</span> <span class='ocrx_word' id='word_1_271' title='bbox 999 2368 1160 2406; x_wconf 86' lang='lat' dir='ltr'>donnait</span> <span class='ocrx_word' id='word_1_272' title='bbox 1187 2369 1324 2406; x_wconf 81' lang='lat' dir='ltr'>l’ordre</span> <span class='ocrx_word' id='word_1_273' title='bbox 1351 2370 1396 2406; x_wconf 91' lang='lat' dir='ltr'>de</span> <span class='ocrx_word' id='word_1_274' title='bbox 1418 2370 1513 2406; x_wconf 88' lang='lat' dir='ltr'>faire</span> 
     </span>
     <span class='ocr_line' id='line_1_31' title="bbox 102 2429 1512 2476; baseline -0.001 -10"><span class='ocrx_word' id='word_1_275' title='bbox 102 2431 196 2467; x_wconf 88' lang='lat' dir='ltr'>tirer</span> <span class='ocrx_word' id='word_1_276' title='bbox 217 2430 262 2465; x_wconf 90' lang='lat' dir='ltr'>de</span> <span class='ocrx_word' id='word_1_277' title='bbox 289 2429 385 2466; x_wconf 82' lang='lat' dir='ltr'>l&#39;eau</span> <span class='ocrx_word' id='word_1_278' title='bbox 413 2430 468 2466; x_wconf 86' lang='lat' dir='ltr'>les</span> <span class='ocrx_word' id='word_1_279' title='bbox 490 2429 646 2466; x_wconf 70' lang='lat' dir='ltr'>navires</span> <span class='ocrx_word' id='word_1_280' title='bbox 673 2429 738 2465; x_wconf 88' lang='lat' dir='ltr'>des</span> <span class='ocrx_word' id='word_1_281' title='bbox 759 2435 865 2476; x_wconf 86' lang='lat' dir='ltr'>ports</span> <span class='ocrx_word' id='word_1_282' title='bbox 892 2429 1076 2464; x_wconf 74' lang='lat' dir='ltr'>menaees</span> <span class='ocrx_word' id='word_1_283' title='bbox 1099 2442 1115 2462; x_wconf 95' lang='lat'>«</span> <span class='ocrx_word' id='word_1_284' title='bbox 1137 2440 1205 2475; x_wconf 87' lang='lat' dir='ltr'>pro</span> <span class='ocrx_word' id='word_1_285' title='bbox 1227 2429 1415 2466; x_wconf 86' lang='lat' dir='ltr'>securiori</span> <span class='ocrx_word' id='word_1_286' title='bbox 1436 2430 1512 2465; x_wconf 90' lang='lat' dir='ltr'>sal-</span> 
     </span>
     <span class='ocr_line' id='line_1_32' title="bbox 106 2486 1511 2536; baseline 0.001 -13"><span class='ocrx_word' id='word_1_287' title='bbox 106 2504 121 2524; x_wconf 90' lang='lat'>«</span> <span class='ocrx_word' id='word_1_288' title='bbox 144 2490 300 2527; x_wconf 85' lang='lat' dir='ltr'>vatione</span> <span class='ocrx_word' id='word_1_289' title='bbox 333 2489 571 2526; x_wconf 86' lang='lat' dir='ltr'>earumdem.</span> <span class='ocrx_word' id='word_1_290' title='bbox 602 2503 618 2522; x_wconf 86' lang='lat'>»</span> <span class='ocrx_word' id='word_1_291' title='bbox 649 2488 700 2524; x_wconf 85' lang='lat' dir='ltr'>Le</span> <span class='ocrx_word' id='word_1_292' title='bbox 734 2488 753 2524; x_wconf 81' lang='grc'>9</span> <span class='ocrx_word' id='word_1_293' title='bbox 783 2499 902 2534; x_wconf 84' lang='lat' dir='ltr'>mars,</span> <span class='ocrx_word' id='word_1_294' title='bbox 932 2488 967 2523; x_wconf 90' lang='lat' dir='ltr'>le</span> <span class='ocrx_word' id='word_1_295' title='bbox 1000 2487 1056 2524; x_wconf 91' lang='lat' dir='ltr'>roi</span> <span class='ocrx_word' id='word_1_296' title='bbox 1089 2486 1374 2536; x_wconf 76' lang='lat' dir='ltr'>d&#39;Angleterre,</span> <span class='ocrx_word' id='word_1_297' title='bbox 1405 2500 1511 2526; x_wconf 90' lang='lat' dir='ltr'>assez</span> 
     </span>
     <span class='ocr_line' id='line_1_33' title="bbox 102 2546 1511 2595; baseline 0.001 -11"><span class='ocrx_word' id='word_1_298' title='bbox 102 2548 275 2593; x_wconf 64' lang='lat' dir='ltr'>domme,</span> <span class='ocrx_word' id='word_1_299' title='bbox 298 2548 466 2595; x_wconf 82' lang='lat' dir='ltr'>ignorait</span> <span class='ocrx_word' id='word_1_300' title='bbox 486 2549 535 2583; x_wconf 79' lang='lat' dir='ltr'>ou</span> <span class='ocrx_word' id='word_1_301' title='bbox 558 2547 703 2583; x_wconf 76' lang='lat' dir='ltr'>etaient</span> <span class='ocrx_word' id='word_1_302' title='bbox 724 2547 779 2583; x_wconf 85' lang='lat' dir='ltr'>les</span> <span class='ocrx_word' id='word_1_303' title='bbox 801 2546 987 2594; x_wconf 68' lang='lat' dir='ltr'>Francais</span> <span class='ocrx_word' id='word_1_304' title='bbox 1009 2552 1046 2582; x_wconf 86' lang='lat' dir='ltr'>et</span> <span class='ocrx_word' id='word_1_305' title='bbox 1068 2557 1107 2583; x_wconf 85' lang='lat' dir='ltr'>se</span> <span class='ocrx_word' id='word_1_306' title='bbox 1130 2547 1284 2584; x_wconf 85' lang='lat' dir='ltr'>bornait</span> <span class='ocrx_word' id='word_1_307' title='bbox 1304 2548 1326 2583; x_wconf 79' lang='lat' dir='ltr'>a</span> <span class='ocrx_word' id='word_1_308' title='bbox 1345 2548 1440 2593; x_wconf 82' lang='lat' dir='ltr'>dire,</span> <span class='ocrx_word' id='word_1_309' title='bbox 1463 2559 1511 2585; x_wconf 87' lang='lat' dir='ltr'>en</span> 
     </span>
     <span class='ocr_line' id='line_1_34' title="bbox 103 2605 1511 2653; baseline -0.001 -9"><span class='ocrx_word' id='word_1_310' title='bbox 103 2607 279 2645; x_wconf 81' lang='lat' dir='ltr'>ecrivant</span> <span class='ocrx_word' id='word_1_311' title='bbox 300 2607 322 2642; x_wconf 76' lang='lat' dir='ltr'>a</span> <span class='ocrx_word' id='word_1_312' title='bbox 342 2606 610 2653; x_wconf 79' lang='lat' dir='ltr'>l&#39;archeveque</span> <span class='ocrx_word' id='word_1_313' title='bbox 631 2605 677 2642; x_wconf 85' lang='lat' dir='ltr'>de</span> <span class='ocrx_word' id='word_1_314' title='bbox 696 2605 940 2652; x_wconf 85' lang='lat' dir='ltr'>Canterbury</span> <span class='ocrx_word' id='word_1_315' title='bbox 957 2618 964 2641; x_wconf 88' lang='lat'><strong>:</strong></span> <span class='ocrx_word' id='word_1_316' title='bbox 991 2618 1006 2640; x_wconf 69' lang='grc' dir='ltr'>(ι</span> <span class='ocrx_word' id='word_1_317' title='bbox 1025 2605 1199 2650; x_wconf 84' lang='lat' dir='ltr'>Qualiter</span> <span class='ocrx_word' id='word_1_318' title='bbox 1218 2606 1369 2643; x_wconf 89' lang='lat' dir='ltr'>inimici</span> <span class='ocrx_word' id='word_1_319' title='bbox 1390 2608 1511 2643; x_wconf 86' lang='lat' dir='ltr'>nostri</span> 
     </span>
     <span class='ocr_line' id='line_1_35' title="bbox 107 2664 1508 2712; baseline -0.001 -12"><span class='ocrx_word' id='word_1_320' title='bbox 107 2679 122 2700; x_wconf 85' lang='lat'>«</span> <span class='ocrx_word' id='word_1_321' title='bbox 144 2665 355 2702; x_wconf 84' lang='lat' dir='ltr'>Francie...</span> <span class='ocrx_word' id='word_1_322' title='bbox 380 2676 495 2712; x_wconf 89' lang='lat' dir='ltr'>supra</span> <span class='ocrx_word' id='word_1_323' title='bbox 515 2675 622 2700; x_wconf 84' lang='lat' dir='ltr'>mare</span> <span class='ocrx_word' id='word_1_324' title='bbox 642 2669 733 2700; x_wconf 86' lang='lat' dir='ltr'>sunt</span> <span class='ocrx_word' id='word_1_325' title='bbox 752 2664 875 2711; x_wconf 86' lang='lat' dir='ltr'>parati</span> <span class='ocrx_word' id='word_1_326' title='bbox 896 2669 937 2700; x_wconf 89' lang='lat' dir='ltr'>ut</span> <span class='ocrx_word' id='word_1_327' title='bbox 959 2664 1165 2711; x_wconf 85' lang='lat' dir='ltr'>credimus,</span> <span class='ocrx_word' id='word_1_328' title='bbox 1189 2676 1257 2702; x_wconf 83' lang='lat' dir='ltr'>vos</span> <span class='ocrx_word' id='word_1_329' title='bbox 1277 2676 1355 2701; x_wconf 84' lang='lat' dir='ltr'>non</span> <span class='ocrx_word' id='word_1_330' title='bbox 1377 2666 1470 2701; x_wconf 88' lang='lat' dir='ltr'>latet</span> <span class='ocrx_word' id='word_1_331' title='bbox 1493 2680 1508 2699; x_wconf 88' lang='lat'>»</span> 
     </span>
     <span class='ocr_line' id='line_1_36' title="bbox 105 2723 1508 2772; baseline 0 -11"><span class='ocrx_word' id='word_1_332' title='bbox 105 2725 278 2772; x_wconf 76' lang='lat' dir='ltr'>fflymer,</span> <span class='ocrx_word' id='word_1_333' title='bbox 301 2726 458 2767; x_wconf 77' lang='lat' dir='ltr'>Foedera,</span> <span class='ocrx_word' id='word_1_334' title='bbox 483 2723 541 2760; x_wconf 83' lang='lat' dir='ltr'>ed.</span> <span class='ocrx_word' id='word_1_335' title='bbox 563 2723 608 2760; x_wconf 91' lang='lat' dir='ltr'>de</span> <span class='ocrx_word' id='word_1_336' title='bbox 631 2724 736 2771; x_wconf 71' lang='lat'><strong>1825,</strong></span> <span class='ocrx_word' id='word_1_337' title='bbox 763 2729 792 2760; x_wconf 90' lang='lat' dir='ltr'>t.</span> <span class='ocrx_word' id='word_1_338' title='bbox 814 2724 886 2771; x_wconf 80' lang='grc' dir='ltr'>ΠΙ,</span> <span class='ocrx_word' id='word_1_339' title='bbox 907 2735 996 2771; x_wconf 87' lang='lat' dir='ltr'>pars</span> <span class='ocrx_word' id='word_1_340' title='bbox 1016 2737 1042 2772; x_wconf 89' lang='lat'>1,</span> <span class='ocrx_word' id='word_1_341' title='bbox 1062 2736 1100 2772; x_wconf 89' lang='lat' dir='ltr'>p.</span> <span class='ocrx_word' id='word_1_342' title='bbox 1123 2725 1191 2762; x_wconf 86' lang='lat'>470</span> <span class='ocrx_word' id='word_1_343' title='bbox 1217 2730 1255 2761; x_wconf 88' lang='lat' dir='ltr'>et</span> <span class='ocrx_word' id='word_1_344' title='bbox 1283 2724 1508 2769; x_wconf 84' lang='lat' dir='ltr'>suivantes).</span> 
     </span>
    </p>
   </div>
   <div class='ocr_carea' id='block_1_5' title="bbox 153 2789 1294 2839">
    <p class='ocr_par' dir='ltr' id='par_1_6' title="bbox 153 2789 1294 2839">
     <span class='ocr_line' id='line_1_37' title="bbox 153 2789 1294 2839; baseline -0.001 -12"><span class='ocrx_word' id='word_1_345' title='bbox 153 2791 186 2827; x_wconf 88' lang='lat'>3.</span> <span class='ocrx_word' id='word_1_346' title='bbox 209 2790 481 2837; x_wconf 89' lang='lat' dir='ltr'>Winchelsea‚</span> <span class='ocrx_word' id='word_1_347' title='bbox 504 2789 600 2826; x_wconf 89' lang='lat' dir='ltr'>dans</span> <span class='ocrx_word' id='word_1_348' title='bbox 622 2790 656 2826; x_wconf 88' lang='lat' dir='ltr'>le</span> <span class='ocrx_word' id='word_1_349' title='bbox 679 2790 838 2836; x_wconf 72' lang='lat' dir='ltr'>Sussex,</span> <span class='ocrx_word' id='word_1_350' title='bbox 862 2790 941 2827; x_wconf 90' lang='lat' dir='ltr'>l’un</span> <span class='ocrx_word' id='word_1_351' title='bbox 962 2790 1027 2828; x_wconf 91' lang='lat' dir='ltr'>des</span> <span class='ocrx_word' id='word_1_352' title='bbox 1048 2791 1147 2839; x_wconf 87' lang='lat' dir='ltr'>Cinq</span> <span class='ocrx_word' id='word_1_353' title='bbox 1168 2791 1294 2827; x_wconf 89' lang='lat' dir='ltr'>Ports.</span> 
     </span>
    </p>
   </div>
  </div>
 </body>
</html>
