1923 3358
422 240 483 276 134
690 235 1059 271 cnRoNOGRAPHIA
1086 234 1238 266 REGUM
1263 233 1540 266 FRANGORUM.
1713 230 1817 277 [1340

418 322 485 369 dit
502 322 577 368 die
594 317 743 367 Sancti
761 314 935 370 Jacobi,
955 313 1000 359 in
1020 312 1178 376 juli01‚
1202 328 1323 359 anno
1343 311 1522 359 Domini
1538 312 1589 359 Μο
1602 312 1706 362 CCC⁰
1719 312 1813 360 XL0.

480 400 593 445 Cum
618 394 759 457 igitur
779 390 1011 439 Robertus
1037 389 1094 436 de
1126 388 1340 435 Arthesio
1366 388 1547 436 veniret
1577 389 1637 436 ad
1665 395 1817 437 tento-

416 474 482 521 ria
509 489 607 527 sua,
631 470 730 534 jam
754 469 911 516 lumen
936 482 1182 514 accensum
1202 465 1378 513 nullum
1398 464 1587 527 quidem
1605 464 1778 513 invenit
1803 484 1812 513 :

415 564 577 597 omnes
595 546 719 593 enirn
740 546 970 610 fugerant,
990 560 1171 600 currus,
1189 542 1440 606 quadrigas
1460 548 1506 589 et
1526 558 1817 606 quecumque

415 624 648 673 habebant
672 623 1005 686 relinquentes,
1036 636 1273 684 nunquam
1303 619 1545 666 credentes
1569 619 1728 666 venire
1758 620 1817 667 ad

414 709 598 765 tempus
617 700 675 748 ad
695 699 973 756 Cassellum3
997 715 1104 746 nam
1125 714 1182 745 ex
1200 697 1265 744 eis
1286 695 1617 760 quamplurimi
1635 712 1819 743 reman-

414 784 573 826 serunt
598 778 644 824 in
668 777 739 824 via
763 775 934 823 mortui
954 775 1032 838 qui
1057 775 1187 838 prius
1209 773 1434 821 vulnerati
1455 774 1654 820 fuerant.
1675 776 1819 820 Exer-

414 855 531 902 citus
559 860 713 902 autem
741 852 1083 916 Flamingorum
1116 851 1195 914 qui
1228 856 1326 897 erat
1358 849 1443 897 sub
1471 849 1669 897 diversis
1694 849 1819 913 capi-

412 932 575 989 taneis,
610 929 943 977 numerabatur
972 945 1119 991 usque
1153 928 1211 975 ad
1245 926 1580 991 quinquaginta
1611 925 1818 989 quinque

413 1009 536 1056 milia
580 1008 842 1063 hominum,
884 1007 1056 1070 aurigis
1100 1005 1331 1068 exceptis3
1373 1010 1666 1052 mortuorum
1703 1021 1818 1051 vero

476 1166 622 1210 Porro
647 1161 880 1208 Robertus
907 1160 964 1207 de
990 1159 1206 1206 Arthesio
1228 1158 1390 1205 videns
1415 1157 1541 1221 quod
1570 1158 1640 1205 sui
1674 1158 1818 1223 fugis-

412 1245 529 1295 sent,
555 1239 652 1285 sine
673 1254 803 1284 mora
829 1236 1098 1300 properavit
1125 1235 1182 1282 ad
1207 1251 1286 1282 eos
1309 1235 1355 1280 in
1376 1239 1584 1281 montem
1610 1235 1812 1292 Casselli,

412 1315 488 1362 ubi
506 1313 653 1362 occidi
668 1332 691 1360 a
707 1314 921 1377 gentibus
935 1314 1029 1360 suis
1047 1313 1243 1359 multum
1257 1311 1484 1359 dubitavit
1495 1316 1557 1368 et,
1574 1328 1817 1375 quousque

412 1391 538 1438 venit
575 1390 699 1454 apud
735 1395 967 1454 Yppram,
1003 1406 1190 1452 semper
1221 1388 1506 1436 hesibundus
1540 1389 1812 1452 permansit.

412 1466 600 1515 Interim
638 1483 745 1513 cum
783 1466 880 1514 dux
915 1465 1182 1530 Burgundie
1220 1471 1264 1512 et
1295 1464 1507 1512 homines
1539 1464 1610 1512 sui
1640 1464 1686 1511 in
1712 1465 1816 1512 villa

412 1544 562 1592 Sancti
586 1543 839 1590 Audomari
859 1559 1058 1606 corpora
1078 1543 1222 1605 quieti
1240 1542 1422 1598 darent,
1443 1541 1609 1589 eadem
1627 1542 1816 1605 inquam

412 1626 569 1676 nocte,
606 1621 761 1684 magni
795 1620 1017 1667 dextrarii
1058 1619 1310 1666 currebant
1345 1635 1428 1682 per
1472 1635 1687 1682 campos,
1731 1635 1816 1666 nec

412 1696 624 1743 homines
650 1696 857 1743 sciebant
882 1712 976 1758 quo
1001 1712 1215 1759 pergere.

475 1776 572 1820 Duo
593 1788 795 1834 namque
816 1771 983 1818 milites
1004 1771 1210 1834 episcopi
1230 1771 1520 1827 Morinensis,
1542 1770 1691 1818 vicem
1712 1787 1815 1819 cus-

410 1848 535 1896 todie
567 1865 652 1911 pro
683 1856 792 1895 tunc
818 1854 1026 1912 agentes,
1058 1865 1142 1895 nec
1168 1848 1364 1895 scientes
1394 1847 1565 1910 aliquid
1592 1847 1650 1894 de
1673 1848 1810 1905 bello,

409 1930 713 1972 cucurrerunt
745 1941 908 1972 versus
940 1926 1138 1972 tentoria
1169 1931 1215 1972 et
1246 1925 1477 1972 neminem
1508 1924 1812 1982 invenerunt;

408 2001 452 2047 in
471 2018 637 2049 aurora
656 2019 843 2066 quoque
860 2002 1072 2050 videntes
1088 2002 1214 2065 quod
1233 2018 1394 2049 omnes
1412 2002 1654 2066 fugissent,
1673 2002 1815 2049 intra-

409 2084 576 2125 verunt
600 2079 645 2125 in
672 2079 884 2126 tentoriis
910 2085 956 2126 et
979 2079 1037 2126 de
1061 2079 1202 2126 rebus
1227 2079 1497 2126 melioribus
1519 2095 1568 2126 se
1588 2096 1813 2127 onerave-

409 2161 533 2201 runt.
552 2158 601 2201 In
621 2156 874 2203 crastinum
888 2173 1018 2213 vero,
1036 2173 1142 2204 cum
1160 2157 1247 2203 hoc
1267 2156 1464 2204 sciretur
1478 2157 1523 2203 in
1541 2155 1661 2212 villa,
1683 2157 1814 2204 multi

410 2230 588 2293 pedites
625 2238 670 2278 et
707 2233 885 2295 equites
920 2232 978 2280 ad
1018 2233 1212 2297 predam
1250 2239 1559 2281 cucurrerunt
1589 2238 1685 2281 tota
1717 2233 1808 2290 die,

410 2305 631 2354 ducentes
652 2308 694 2354 in
714 2309 818 2356 villa
839 2326 945 2357 cum
971 2309 1184 2357 curribus
1211 2316 1256 2357 et
1280 2309 1518 2374 quadrigis
1543 2310 1742 2358 tentoria
1768 2317 1810 2358 et

461 2465 493 2499 ’1.
516 2463 764 2500 C'cst—a't-‹lire
789 2465 821 2500 le
842 2465 885 2502 25
904 2466 1029 2513 juillet
1051 2466 1152 2503 1340.

459 2523 492 2558 ι).
515 2522 564 2557 Ce
586 2528 670 2557 sont
694 2523 746 2557 les
768 2524 921 2560 cliiss'res
942 2537 1013 2572 que
1039 2531 1192 2573 portent.
1220 2527 1274 2561 les
1300 2528 1504 2562 :lucie-nites
1530 2528 1746 2572 chroniques
1770 2528 1811 2562 de

415 2582 581 2616 [flandr-e.
597 2581 668 2616 Les
684 2583 842 2617 (iz-andes
859 2584 1081 2629 Clerom'ques
1100 2588 1138 2629 (t.
1158 2586 1206 2630 V,
1228 2597 1262 2632 p.
1287 2585 1365 2626 396)
1388 2585 1560 2622 donnent
1582 2586 1636 2621 les
1656 2585 1810 2621 cliil'sres

413 2638 457 2673 tle
482 2639 611 2684 60,000
637 2639 839 2675 Flaui-ands
867 2648 902 2677 ct
931 2642 975 2678 (lo
1003 2644 1109 2688 &000
1137 2651 1268 2680 uiorts.
1294 2644 1345 2680 La
1377 2645 1582 2690 Chroniquc
1610 2646 1808 2679 normands

414 2698 516 2743 parlc
532 2698 576 2733 ilc
593 2698 723 2744 40,000
742 2698 944 2735 Flamauds
967 2709 1003 2736 et,
1025 2703 1159 2739 evalue
1183 2704 1283 2738 leurs
1307 2709 1429 2750 pertes
1449 2703 1470 2738 a
1492 2703 1597 2749 3,000
1618 2703 1805 2740 hommes*
