1923 3358
329 271 394 308 ’190
601 271 970 306 CHRONOGRAPHIA
998 271 1149 304 REGUM
1175 271 1453 304 FRANCORUM.
1623 267 1726 315 [1341

324 355 541 417 navitque
572 352 809 400 castellum
842 351 1157 399 diversimode
1189 367 1337 414 usque
1369 352 1428 399 ad
1456 368 1725 415 vesperum.

321 436 429 479 Erat
458 437 613 478 autem
647 429 747 475 dies
778 428 993 476 Omnium
1029 430 1306 475 Sanctorum
1332 428 1438 476 anni
1473 429 1729 492 supradicti

320 508 366 555 Mi
384 507 480 556 ccci
502 505 655 554 XL1111.
679 508 735 553 Et
756 521 1041 569 quamquam
1063 505 1108 552 in
1127 505 1316 552 castello
1341 505 1494 568 panis,
1519 505 1730 554 carnium

320 591 366 631 et
384 583 478 630 vini
498 587 621 631 esset
640 582 978 640 habundancia,
1002 598 1095 630 non
1115 588 1271 630 tamen
1294 582 1422 630 locus
1441 588 1543 630 erat
1561 599 1729 648 magne

319 660 603 708 resistencie.

382 741 431 784 In
457 737 713 785 crastinum
741 752 929 801 quoque
961 753 1119 784 comes
1150 736 1455 784 Montisfortis
1474 736 1615 801 jussit
1639 737 1731 785 cir-

318 830 424 862 cum
441 814 654 862 Britones
671 830 780 861 suos
797 813 968 861 fossata
985 813 1105 870 fieri,
1124 819 1321 877 propter
1337 813 1504 861 ducem
1521 830 1582 862 ne
1598 814 1730 862 veni-

316 897 388 940 ret
419 891 477 939 ad
509 891 878 939 succurrendum
908 891 1002 938 suis
1035 890 1342 954 principibus.
1377 890 1552 938 Deinde
1583 890 1730 939 fossa-

316 970 375 1016 tis
401 985 644 1017 murorum
668 973 794 1016 terra
824 968 1037 1032 repletis,
1068 967 1282 1015 Britones
1310 973 1536 1031 ceperunt
1563 983 1729 1016 cavare

317 1062 506 1093 murum
536 1045 734 1093 densum
764 1045 916 1101 valde,
948 1044 1197 1107 taliterque
1229 1060 1337 1091 eum
1369 1044 1730 1107 perforaverunt

315 1200 529 1246 obstante
560 1202 844 1246 Francorum
877 1198 1165 1246 defencione.
1197 1198 1264 1245 Ibi
1290 1198 1415 1245 enim
1447 1198 1587 1245 occisi
1618 1203 1728 1246 sunt

313 1276 444 1339 quasi
470 1276 710 1340 quingenti
737 1276 950 1323 Britones
975 1282 1023 1323 et
1048 1275 1283 1339 octoginta
1309 1274 1485 1323 Gallici.
1509 1274 1728 1322 Finaliter

312 1353 532 1417 fugerunt
558 1353 618 1401 de
643 1352 807 1417 majori
833 1358 963 1401 turre
982 1352 1028 1400 in
1051 1353 1187 1400 aliam
1209 1352 1459 1409 minorem,
1483 1351 1564 1399 ubi
1585 1351 1728 1400 etiam

310 1435 407 1476 tota
432 1429 506 1477 die
530 1447 678 1493 usque
706 1446 812 1477 sero
838 1430 1097 1494 impugnati
1119 1435 1227 1477 sunt
1252 1447 1260 1476 :
1286 1434 1490 1493 tuncque
1510 1428 1726 1477 Britones

310 1513 543 1555 cessantes
569 1508 840 1555 locaverunt
859 1524 909 1556 se
931 1508 978 1555 in
1001 1507 1208 1565 castello,
1232 1507 1424 1555 edentes
1443 1512 1491 1554 et
1509 1506 1724 1554 bibentes

311 1583 466 1631 omnia
492 1601 583 1646 que
608 1584 673 1631 ibi
699 1590 847 1631 erant.

375 1665 579 1708 Barones
604 1666 759 1708 autem
786 1660 883 1708 sine
909 1660 1185 1708 victualibus
1211 1660 1483 1717 existentes,
1515 1660 1721 1707 maximo

311 1738 471 1786 dolore
503 1738 859 1801 torquebantur,
889 1744 1112 1801 tanquam
1144 1744 1344 1785 mortem
1374 1739 1448 1785 vel
1484 1755 1722 1786 carcerem

309 1820 624 1878 expectantes.
654 1818 772 1862 Dum
798 1831 912 1862 vero
939 1815 1004 1863 sic
1028 1815 1151 1862 inter
1171 1832 1219 1863 se
1239 1821 1498 1879 gemerent,
1529 1815 1721 1878 quidam

308 1891 572 1954 speculator
602 1891 731 1938 venit
766 1891 824 1938 ad
860 1892 1078 1938 comitem
1113 1891 1442 1948 Montisfortis,
1478 1891 1639 1939 dicens
1674 1908 1723 1939 se

308 1968 467 2015 venire
493 1968 551 2015 ab
577 1967 784 2015 exercitu
810 1971 1096 2015 Francorum
1117 1974 1163 2015 et
1188 1968 1316 2031 quod
1341 1967 1439 2016 dux
1465 1984 1573 2016 cum
1599 1973 1723 2016 cete-

307 2045 370 2091 ris
392 2044 681 2108 principibus
702 2044 904 2092 maxime
930 2044 1168 2101 dolebant,
1197 2045 1305 2108 quia
1331 2045 1601 2093 nesciebant
1627 2062 1721 2109 quo

306 2119 624 2182 perrexissent
658 2120 855 2167 Karolus
889 2120 1119 2168 Blesensis
1151 2127 1196 2168 et
1228 2121 1370 2168 ceteri
1405 2121 1606 2170 barones
1640 2122 1720 2185 qui

309 2213 466 2244 secum
492 2203 640 2254 erant,
667 2197 936 2245 estimantes
963 2215 1044 2245 eos
1071 2204 1282 2245 mortuos
1308 2198 1381 2246 vel
1407 2205 1570 2263 captos
1596 2215 1716 2247 esse.

372 2275 538 2321 Comes
564 2280 716 2321 autem
738 2274 940 2337 quesivit
960 2275 1018 2322 ab
1041 2291 1096 2321 eo
1125 2275 1183 2323 de
1209 2280 1333 2323 statu
1360 2276 1501 2323 castri
1528 2276 1587 2323 de
1613 2277 1720 2324 Cas-

307 2349 484 2406 tousel;
513 2349 591 2411 qui
623 2350 867 2413 respondit
899 2350 1025 2413 quod
1056 2368 1109 2397 ea
1143 2351 1217 2398 die
1250 2368 1344 2414 quo
1375 2358 1630 2399 recesserat
1660 2351 1718 2399 ab

307 2425 513 2472 exercitu
552 2428 858 2483 Francorum,
903 2427 995 2475 duo
1043 2428 1276 2475 castellani
1322 2429 1495 2476 scilicet
1532 2428 1636 2476 Milo
1673 2433 1719 2475 et

306 2501 583 2549 Walrandus
603 2502 820 2550 volebant
841 2504 1040 2551 reddere
1058 2511 1263 2552 castrum
1283 2505 1422 2552 salvis
1439 2504 1716 2569 corporibus

306 2577 416 2625 suis.
439 2579 606 2626 Comes
627 2582 780 2624 autem
799 2578 1004 2627 hesitans
1025 2596 1102 2637 ne,
1124 2580 1249 2628 dicto
1269 2587 1423 2629 castro
1443 2586 1597 2644 capto,
1619 2580 1715 2628 dux

358 2712 390 2746 1.
412 2711 443 2746 Il
465 2711 544 2747 faut
565 2710 634 2746 lire
657 2709 920 2748 evidemment
942 2713 994 2749 ici
1017 2713 1050 2749 le
1073 2715 1125 2749 1³³r
1147 2714 1356 2751 novembre
1378 2714 1464 2751 1341
1488 2719 1525 2750 et
1546 2723 1622 2749 non
1645 2723 1712 2759 pas

310 2768 411 2804 1342.
