1923 3358
98 309 202 356 1346]
367 311 738 344 CHRONOGRAPHIA
764 312 918 345 REGUM
943 310 1223 344 FRANCORUM.
1428 304 1496 341 ‘227

96 391 295 454 patriam
337 408 423 454 per
462 391 615 456 girum
658 391 842 455 ignibus
887 399 932 439 et
973 392 1134 455 predis
1174 395 1491 438 vastaverunt.

94 468 269 516 Deinde
301 468 412 516 abiit
443 468 501 515 ad
533 468 808 516 Louverias1
847 485 937 531 que
970 468 1091 515 bona
1125 468 1229 515 villa
1260 473 1377 523 erat,
1413 466 1495 514 sed

94 544 213 591 male
234 544 405 600 clausa,
430 544 476 590 in
496 561 586 606 qua
608 544 700 590 fere
721 543 815 590 duo
835 543 960 590 milia
980 544 1230 591 domorum
1254 543 1496 590 combuste

93 628 201 669 sunt
220 627 267 668 et
288 621 419 668 multi
437 620 571 684 parvi
596 626 642 667 et
662 621 815 684 magni
836 621 1092 683 perierunt.
1117 625 1241 668 Tunc
1266 621 1390 667 idem
1412 637 1495 668 rex

91 698 254 762 Anglie
281 697 406 744 misit
438 697 496 743 de
529 696 625 744 suis
652 697 856 760 Anglicis
884 697 939 743 ad
968 700 1163 744 Pontem
1189 698 1386 754 Arche&
1415 697 1495 744 ubi

92 790 177 821 rex
196 774 386 821 Francie
411 773 602 820 miserat
626 773 837 820 homines
862 789 1103 821 armorum
1128 773 1208 836 qui
1235 790 1341 821 cum
1366 780 1495 821 tanto

92 867 289 899 numero
306 850 518 898 exierunt
535 849 663 912 quod
683 850 859 914 Anglici
881 867 974 897 non
997 857 1104 898 sunt
1124 851 1219 898 ausi
1238 867 1319 898 eos
1339 850 1496 898 debel-

89 927 201 984 lare,
227 944 337 992 ymo
358 927 535 974 reversi
556 933 663 974 sunt
689 927 813 990 apud
840 927 1091 975 Louverias
1110 927 1169 974 ad
1194 934 1345 975 castra
1372 928 1496 992 regis

89 1004 269 1068 Anglie.

153 1080 238 1138 Qui
272 1086 383 1128 tunc
417 1096 524 1128 cum
558 1080 765 1128 exercitu
803 1098 888 1128 suo
924 1081 1035 1129 abiit
1072 1097 1236 1128 versus
1272 1080 1490 1137 parisius,

88 1157 369 1205 comburens
409 1162 455 1204 et
496 1156 745 1204 devastans
786 1157 986 1220 patriam
1025 1157 1312 1221 adjacentem
1352 1156 1494 1204 fluvio

88 1237 315 1299 Sequane,
333 1251 577 1298 quousque
596 1235 722 1282 venit
735 1235 794 1282 ad
809 1235 1090 1282 Poissiacum
1102 1237 1137 1292 3,
1156 1235 1495 1282 monasterium

88 1312 374 1368 monialium,
403 1311 483 1359 ubi
517 1317 872 1359 castrametatus
906 1318 1002 1368 est;
1038 1311 1165 1374 quod
1200 1318 1381 1359 tantum
1411 1329 1495 1359 sex

86 1389 229 1437 leucis
249 1389 392 1436 distat
416 1406 441 1435 a
463 1389 679 1436 Parisius.
712 1392 810 1437 Rex
837 1395 993 1436 autem
1019 1389 1255 1452 Philippus
1282 1389 1361 1451 qui
1387 1405 1494 1436 eum

88 1472 273 1513 secutus
294 1466 445 1513 fuerat
470 1466 527 1512 ab
554 1465 640 1512 alia
659 1471 791 1528 parte
813 1468 1043 1528 Sequane,
1068 1466 1307 1513 mandavit
1334 1465 1375 1512 ei
1397 1465 1494 1512 bel-

85 1543 182 1591 lum
203 1559 289 1607 per
314 1543 588 1606 episcopum
610 1543 907 1590 Metensem4.
933 1547 989 1590 Et
1009 1560 1093 1590 rex
1116 1543 1279 1607 Anglie
1300 1559 1495 1590 conces-

87 1622 145 1669 sit
172 1621 213 1668 ei
239 1621 412 1668 bellum
437 1620 539 1667 fieri
571 1619 646 1667 die
673 1619 796 1683 jovis
822 1621 1037 1683 sequenti
1068 1621 1188 1668 inter
1214 1620 1416 1668 Parisius
1451 1625 1496 1666 et

86 1696 261 1746 Valiem
289 1695 530 1743 Gerardif’.

149 1773 388 1837 Philippus
417 1778 572 1820 autem
604 1789 689 1821 rex
718 1772 936 1820 transivit
966 1775 1228 1835 Sequanam
1259 1789 1346 1835 per
1370 1772 1496 1819 Pari-

84 1850 180 1898 sius
204 1855 250 1897 et
282 1855 482 1897 metatus
508 1854 580 1897 est
611 1855 763 1897 castra
797 1866 879 1897 sua
911 1850 1036 1913 apud
1065 1849 1349 1913 Anthogniss‚
1383 1849 1495 1896 satis

134 1982 164 2017 1.
188 1980 389 2026 Louviers,
411 1980 528 2027 Eure,
551 1981 738 2017 chef-lieu
760 1980 1142 2017 d'arrondissement.

131 2041 166 2077 ἱ).
193 2039 556 2083 Pont-de-I’Arche,
576 2040 694 2086 Eure,
723 2040 1055 2076 arrondissement
1085 2041 1130 2076 de
1158 2039 1359 2084 Louviers,
1388 2038 1493 2074 chef-

85 2100 161 2136 lieu
182 2099 228 2134 de
249 2105 404 2135 canton.

132 2159 164 2196 3.
188 2149 368 2194 Edouard
398 2157 470 2204 III,
502 2157 656 2194 suivant
685 2158 742 2193 les
770 2169 859 2204 uns,
890 2157 1018 2194 arriva
1044 2157 1066 2192 ἐι
1094 2156 1231 2204 Poissy
1256 2157 1291 2193 le
1319 2157 1362 2193 12
1382 2159 1492 2199 eoum

85 2218 239 2255 suivant
260 2217 442 2263 d’autres,
465 2217 499 2253 le
523 2218 565 2252 14
587 2218 691 2253 aout.

131 2278 164 2313 4.
188 2278 243 2313 La
264 2278 470 2321 Chronique
496 2278 700 2312 normande
724 2281 774 2322 (p.
803 2277 862 2317 78)
892 2281 928 2312 et
960 2276 1014 2311 les
1042 2277 1245 2311 Ancz'ennes
1276 2276 1493 2320 chroniques

83 2339 124 2372 de
144 2337 302 2372 Flandre
322 2337 448 2378 (Istore
468 2339 499 2371 et
519 2337 711 2380 cronz'ques
731 2337 772 2370 cle
792 2335 981 2378 Mandros,
1005 2339 1031 2370 t.
1055 2334 1106 2381 ΙΙ,
1128 2346 1162 2381 p.
1186 2334 1245 2375 23)
1272 2333 1399 2370 disent
1420 2346 1492 2382 que

83 2395 255 2441 l'eveque
282 2394 326 2429 de
354 2394 493 2429 Meaux
522 2400 680 2440 apporta
707 2405 770 2429 ces
798 2394 943 2429 lettres.
974 2393 1163 2440 L'eveque
1193 2393 1238 2429 de
1267 2393 1368 2429 Metz
1401 2394 1493 2429 etait

83 2454 183 2490 alors
215 2453 386 2489 Ademar
417 2453 461 2488 de
496 2453 669 2489 Monteil.
705 2453 736 2488 Il
766 2452 887 2499 parait
916 2452 1029 2499 qu’en
1063 2452 1130 2488 fait
1163 2463 1205 2489 66
1239 2453 1295 2489 fut
1328 2452 1493 2488 l'arehe-

84 2514 205 2560 veque
231 2511 276 2547 de
299 2512 505 2559 Besantgon
525 2512 589 2558 qui
611 2512 666 2547 fut
687 2512 828 2558 charge
849 2511 894 2547 de
922 2517 1020 2547 cette
1043 2511 1206 2548 mission
1228 2511 1369 2557 (Baron
1393 2512 1492 2546 Ker-

85 2584 162 2620 vyn
182 2571 227 2607 de
250 2571 503 2616 Lettenhove‚
528 2570 585 2606 ed.
609 2570 653 2605 de
674 2570 882 2613 Froissart,
903 2575 928 2605 t.
952 2570 1022 2616 IV,
1043 2581 1080 2617 p.
1106 2570 1198 2617 496).

131 2633 164 2668 5.
188 2629 420 2678 Vangirard.
455 2630 529 2665 Les
560 2630 762 2665 Anciennes
794 2631 1012 2674 clzroniques
1043 2631 1085 2665 de
1117 2631 1274 2666 Flandre
1308 2632 1432 2674 (Istore
1460 2633 1493 2664 et

82 2691 273 2734 croniques
303 2690 344 2724 cle
373 2689 568 2733 Mandros,
603 2693 630 2724 t.
661 2687 712 2734 ΙΙ,
742 2699 779 2735 p.
807 2688 871 2733 ξ23)
900 2687 1073 2725 donnent
1103 2689 1140 2724 la
1171 2689 1292 2724 forme
1321 2702 1336 2720 «
1361 2688 1394 2724 le
1419 2687 1491 2722 Val

84 2748 231 2784 Gerard
253 2762 285 2784 ».

129 2807 161 2843 6.
186 2806 362 2854 Antony‚
377 2806 508 2852 Seine⁷
521 2805 849 2842 arrondissernent
872 2811 909 2841 et
925 2811 1066 2842 canton
1080 2806 1125 2842 de
1142 2806 1310 2842 Sceaux.
1325 2805 1356 2841 Il
1369 2805 1492 2852 parait
