1923 3358
348 267 414 304 *254
617 266 987 299 GHRONOGRAPHIA
1014 265 1166 297 REGUM
1191 264 1470 296 FRANCORUM.
1639 260 1741 308 [1351

347 349 516 395 missus
553 345 659 408 [est]
697 361 723 390 a
764 360 875 407 rege
915 343 1040 406 apud
1075 344 1296 390 Sanctum
1332 342 1652 390 Audomarum
1687 343 1745 391 ad

346 421 697 471 custodiendam
724 420 938 483 patriam.
969 423 1094 467 Tunc
1120 418 1400 467 Godefridus
1432 418 1491 466 de
1516 421 1742 483 Carneyo,

344 498 623 547 Exthachius
659 497 717 545 de
756 496 1085 545 Ribodimonte
1126 503 1173 543 et
1213 495 1459 543 Oudardus
1501 495 1560 543 de
1590 497 1744 553 Remi,

343 576 487 624 multa
525 575 719 638 pecunia
756 574 1014 638 redempti,
1058 574 1116 621 ab
1152 573 1314 638 Anglia
1352 578 1583 621 venerunt
1622 573 1747 638 apud

342 655 560 701 Sanctum
588 651 909 699 Audomarum
937 651 996 698 ad
1021 651 1344 698 marescallum
1371 650 1590 715 Bellijoci.

405 733 470 777 Eo
489 734 599 776 tunc
618 745 725 776 cum
744 728 920 792 Anglici
938 728 996 775 de
1012 727 1195 776 Kalesio
1212 727 1467 775 exivissent
1486 733 1532 775 et
1548 727 1746 791 patriam

341 805 639 853 devastarent
663 803 750 852 sibi
779 804 1086 862 convicinam‚
1117 803 1332 851 exierunt
1355 809 1516 851 contra
1542 819 1624 851 eos
1649 803 1746 851 dic-

339 889 415 930 tus
449 881 764 938 marescallus,
797 881 1101 939 Guichardus,
1132 881 1276 929 frater
1309 881 1426 945 ejus,
1457 881 1656 929 Jacobus
1687 880 1746 928 de

338 958 572 1007 Borbonia
602 964 712 1005 tunc
743 958 868 1006 dono
896 958 1038 1022 regali
1074 973 1232 1005 comes
1261 957 1496 1014 Pontivi1‚
1529 956 1746 1004 Morellus

339 1036 557 1083 dominus
587 1035 646 1081 de
677 1034 889 1091 Fiennes,
918 1033 1198 1082 Godefridus
1226 1033 1285 1080 de
1311 1036 1539 1097 Carney0‚
1569 1033 1747 1081 Oudar-

339 1113 427 1161 dus
462 1113 520 1160 de
551 1113 685 1161 Renti
721 1118 767 1159 et
798 1112 958 1175 plures
989 1111 1064 1158 alii
1096 1127 1204 1158 cum
1244 1128 1412 1175 magna
1451 1110 1747 1159 multitudine

340 1191 567 1254 peditum,
589 1189 1016 1252 commiseruntque
1035 1189 1234 1252 prelium
1261 1204 1367 1236 cum
1393 1188 1477 1236 eis.
1505 1187 1747 1236 Marescal-

339 1268 411 1315 lus
450 1269 604 1315 autem
642 1283 727 1330 pre
768 1267 904 1314 nimis
945 1266 1112 1313 festino
1153 1282 1378 1330 aggressu
1421 1265 1602 1313 occisus
1642 1269 1743 1321 est3

340 1361 544 1407 moxque
563 1344 705 1391 frater
724 1343 822 1408 ejus
848 1343 1118 1391 reclamavit
1143 1343 1396 1390 clamorem
1414 1342 1473 1391 de
1493 1342 1741 1406 Bellojoco,

338 1422 593 1484 Francique
618 1421 680 1468 ita
701 1421 819 1468 bene
842 1437 891 1468 se
911 1420 1175 1468 habuerunt
1200 1419 1327 1483 quod
1354 1419 1532 1483 Anglici
1558 1418 1745 1482 penitus

338 1498 507 1545 devicti
529 1503 635 1545 sunt
661 1503 707 1544 et
737 1514 795 1544 ex
819 1497 884 1544 eis
910 1497 1008 1544 fere
1038 1496 1322 1561 septingenti
1352 1494 1601 1551 interfecti,
1638 1511 1745 1542 nec-

338 1592 430 1622 non
466 1575 699 1623 Johannes
731 1574 790 1622 de
824 1574 1119 1637 Bellocampo
1149 1579 1195 1621 et
1226 1573 1466 1621 Emericus
1501 1572 1561 1620 de
1604 1572 1744 1635 Papia

338 1652 518 1714 capti2;
558 1667 700 1714 quem
734 1651 997 1699 Emericum
1029 1650 1137 1698 fecit
1181 1649 1460 1698 Godefridus
1493 1649 1540 1696 in
1576 1650 1744 1696 Sancto

340 1820 446 1851 nem
484 1803 542 1850 ab
579 1820 634 1850 eo
668 1804 966 1852 commissam
998 1808 1158 1850 contra
1192 1805 1394 1850 Francos
1430 1803 1476 1849 in
1506 1802 1744 1851 castellum

339 1879 556 1927 Kalesii3.

402 1960 458 2003 Et
483 1973 576 2003 non
602 1957 799 2004 multum
826 1962 933 2020 post
959 1955 1200 2003 venditum
1219 1963 1290 2004 est
1309 1956 1512 2021 Anglicis
1537 1962 1742 2005 castrum

338 2033 564 2081 Guisnesii
582 2034 618 2080 4.

400 2113 509 2158 Post
543 2115 745 2158 mortem
782 2109 1038 2158 marescalli
1065 2109 1124 2158 de
1155 2109 1404 2175 Bellojoco,
1439 2110 1740 2175 Arnoulp'nus

386 2271 418 2305 1.
441 2269 607 2316 Jacques
628 2269 673 2306 de
695 2270 876 2306 Bourhon
898 2276 1006 2318 recut
1027 2270 1075 2306 du
1094 2271 1149 2307 roi
1163 2270 1277 2317 Jean,
1301 2281 1349 2306 en
1372 2271 1475 2317 1351,
1491 2271 1526 2307 le
1548 2271 1673 2308 comte
1693 2270 1740 2307 de

340 2329 530 2365 Pontliieu
553 2331 748 2377 contisque
770 2342 836 2366 sur
855 2321 1033 2366 Edouard
1053 2330 1111 2366 ΠΙ
1128 2330 1261 2377 depuis
1284 2330 1386 2367 1336.

385 2388 418 2423 ⁶2.
443 2388 492 2423 Ce
514 2388 665 2425 combat
680 2389 746 2425 dut
767 2389 874 2426 avoir
888 2389 964 2425 lieu
980 2390 1014 2425 le
1036 2390 1055 2426 8
1074 2389 1159 2436 juin
1176 2389 1262 2425 1351
1283 2389 1502 2434 (chronique
1521 2390 1734 2433 normande,

336 2458 371 2494 p.
395 2447 478 2493 ⁶292,
500 2452 589 2482 note
614 2448 657 2489 1).

384 2505 417 2541 3.
441 2504 591 2541 Aimcri
607 2505 651 2541 dc
674 2507 790 2543 Pavie
807 2518 855 2543 ne
877 2507 933 2544 sut
953 2519 1020 2554 pas
1043 2507 1108 2544 fait
1124 2507 1343 2555 prisonnier
1357 2506 1453 2542 dans
1470 2511 1569 2544 cette
1590 2507 1737 2552 affaire,

336 2565 433 2600 mais
448 2565 544 2600 dans
559 2576 611 2600 un
628 2576 723 2611 coup
736 2566 780 2601 de
796 2566 901 2602 main
915 2578 980 2602 sur
991 2567 1025 2602 le
1041 2567 1205 2603 chateau
1221 2567 1266 2602 de
1282 2566 1452 2602 Frethun
1466 2565 1733 2612 (levrici-1352.

336 2643 380 2649 -
403 2624 610 2668 Chronique
630 2627 844 2667 normantia,
870 2637 906 2672 p.
931 2626 1088 2662 103-104
1111 2631 1149 2662 et
1168 2637 1204 2673 p.
1226 2625 1310 2672 295,
1334 2631 1422 2662 note
1445 2625 1492 2668 3).

383 2684 415 2717 4.
440 2683 515 2718 Par
534 2683 620 2719 Hue
641 2682 686 2719 de
709 2682 953 2731 Biauconroy
975 2685 1068 2732 (voir
1096 2696 1172 2722 une
1199 2685 1376 2722 curiense
1401 2689 1505 2729 note,
1528 2684 1734 2727 chronique

339 2743 549 2786 normantia,
575 2754 610 2788 p.
633 2741 715 2787 292,
739 2748 826 2777 note
847 2742 893 2784 2).
