1923 3358
405 306 470 341 196
682 305 1052 338 CHRONOGRAPHIA
1079 305 1231 336 REGUM
1256 304 1535 338 FRANCORUM.
1700 301 1806 349 [1342

465 389 557 433 Hec
585 383 800 439 audiens,
834 382 1032 430 Karolus
1060 382 1290 430 Blesensis
1319 383 1475 430 statim
1506 383 1808 448 congregavit

398 462 569 509 multos
595 459 804 506 homines
831 475 1071 506 armorum
1096 475 1149 507 ac
1174 459 1301 506 misit
1327 459 1385 506 ad
1412 459 1679 507 habendum
1705 477 1808 508 suc-

397 553 585 585 cursum
617 536 664 584 in
694 537 952 584 Franciam.
982 540 1086 584 Dux
1117 543 1272 584 autem
1304 537 1585 584 Normannie
1615 536 1741 585 misit
1766 537 1807 584 ei

395 614 609 662 Milonem
638 614 696 662 de
725 614 944 669 Noieriis‚
979 614 1238 661 Robertum
1265 613 1528 671 Bertrandi‚
1561 614 1808 662 marescal-

394 691 491 739 lum
509 691 716 749 Francie,
741 691 989 740 Gallesium
1009 691 1068 739 de
1088 690 1294 746 Raima&
1319 691 1597 755 magistrum
1620 691 1808 739 balisto-

394 784 499 816 rum
516 768 618 832 (sic)
635 767 845 826 Francie,
861 784 968 815 cum
984 768 1107 815 mille
1124 774 1171 815 et
1184 767 1397 816 ducentis
1414 767 1528 816 viris
1545 784 1802 816 armorum.

459 853 559 908 Quo
584 850 760 907 audito,
788 850 1023 898 comitissa
1050 849 1259 914 predicta
1284 850 1464 898 remisit
1494 865 1806 914 unumquem-

394 944 485 991 que
505 944 698 975 suorum
725 927 783 974 ad
809 927 1048 974 castellum
1075 943 1228 983 suum,
1256 927 1502 991 injungens
1529 927 1596 974 eis
1617 932 1667 974 ut
1690 926 1809 974 bene

394 1010 440 1050 et
456 1002 654 1050 fideliter
672 1020 726 1050 ea
745 1002 1059 1059 custodirent3
1082 1009 1127 1050 et
1147 1004 1457 1050 transfretans
1477 1019 1583 1050 cum
1603 1003 1808 1052 Johanne

394 1080 488 1127 filio
528 1080 782 1127 admodum
828 1079 1024 1143 parvulo
1068 1079 1113 1126 in
1151 1080 1413 1144 Angliam²‚
1454 1079 1665 1127 narravit
1710 1079 1809 1143 regi

394 1157 554 1220 Anglie
581 1156 639 1204 de
666 1157 1030 1204 incarceratione
1058 1156 1211 1204 mariti
1241 1157 1311 1203 sui
1338 1156 1540 1204 Parisius
1562 1163 1608 1204 et
1626 1156 1810 1221 rogavit

395 1250 503 1281 eum
525 1240 575 1281 ut
594 1250 697 1280 eam
708 1234 894 1297 juvaret
915 1233 974 1280 ad
991 1233 1367 1296 recuperandum
1387 1233 1610 1281 ducatum
1627 1233 1810 1280 Britan-

395 1310 492 1365 nie,
530 1326 670 1372 quem
706 1311 903 1357 Karolus
938 1310 1167 1357 Blesensis
1199 1309 1405 1357 tenebat.
1440 1313 1497 1357 Et
1530 1326 1617 1357 rex
1649 1309 1810 1374 Anglie

395 1386 555 1433 annuit
577 1386 619 1433 ei
642 1386 865 1434 auxilium
890 1387 1119 1444 conferre,
1144 1404 1200 1434 eo
1225 1387 1352 1450 quod
1379 1386 1574 1435 maritus
1597 1387 1696 1451 ejus
1721 1386 1810 1434 sibi

396 1464 454 1511 de
471 1464 596 1512 dicto
613 1464 784 1512 ducatu
801 1464 983 1512 fecisset
1003 1466 1295 1529 homagium3
1319 1470 1664 1529 preparatoque
1682 1464 1812 1511 navi-

396 1542 471 1605 gio
507 1547 552 1588 et
583 1541 854 1589 necessariis
889 1542 1008 1589 bene
1044 1542 1247 1599 munito,
1287 1542 1412 1589 misit
1446 1558 1532 1589 rex
1569 1557 1730 1589 secum
1763 1541 1810 1587 in

397 1617 565 1665 eodem
584 1618 844 1666 Robertum
865 1618 923 1666 de
943 1619 1176 1675 Arthesio,
1202 1625 1248 1666 et
1267 1619 1461 1667 comites
1485 1617 1811 1666 Saresberien-

397 1711 497 1741 sem
522 1701 569 1743 et
595 1695 761 1743 Suffoci
782 1701 828 1742 et
848 1695 1074 1742 baronem
1099 1696 1157 1742 de
1184 1696 1429 1743 Scanfforti
1455 1711 1563 1743 cum
1584 1701 1665 1743 XLa
1687 1694 1810 1741 mili-

398 1771 485 1819 bus
510 1771 738 1829 virorum,
768 1778 864 1819 tam
890 1772 1218 1836 sagitariorum
1243 1789 1385 1835 quam
1412 1772 1627 1820 aliorum.

462 1857 576 1903 Cum
602 1856 860 1913 venirenffl,
890 1856 1032 1904 maris
1058 1873 1234 1919 equora
1261 1856 1501 1913 sulcando,
1532 1855 1592 1904 ad
1618 1861 1808 1919 portum

447 2025 479 2060 1.
504 2024 552 2062 D.
574 2025 719 2062 Morice
743 2026 942 2071 (Me'moires
959 2037 1057 2072 pou-r
1075 2029 1194 2062 servir
1207 2029 1248 2063 de
1260 2038 1411 2073 preuves
1430 2028 1452 2063 ὰ
1474 2028 1651 2064 l'hz'stoire
1665 2028 1707 2063 de
1722 2028 1808 2063 Bre-

400 2087 518 2128 tayne,
543 2088 569 2120 t.
593 2083 624 2129 Ι,
648 2084 719 2120 col.
745 2084 834 2120 1429
856 2089 893 2120 et
916 2084 1020 2130 1434)
1043 2096 1064 2120 a
1083 2085 1210 2131 puhlie
1238 2085 1271 2121 le
1299 2091 1404 2122 texte
1424 2085 1491 2122 des
1511 2085 1692 2132 pouvoirs
1712 2084 1811 2120 don-

402 2142 471 2178 nes
505 2142 527 2177 ὲ
558 2142 705 2179 Robert
742 2143 937 2180 Bertrand
970 2149 1008 2179 et
1041 2154 1089 2180 au
1122 2143 1253 2181 Galois
1286 2144 1331 2181 de
1365 2145 1401 2181 la
1433 2144 1582 2181 Baume
1614 2154 1683 2191 par
1715 2143 1809 2180 Phi-

402 2200 501 2247 lippe
522 2201 590 2236 VI.

448 2265 482 2300 ⁵2.
505 2265 557 2300 Ge
578 2276 725 2313 voyage
751 2266 797 2303 de
823 2267 974 2303 Jeanne
1004 2267 1049 2303 de
1078 2268 1263 2304 Montfort
1295 2279 1345 2304 en
1366 2268 1615 2316 Angleterre‚
1644 2269 1809 2316 quoique

403 2324 628 2360 mentionne
648 2337 717 2371 par
736 2326 941 2373 Froissart,
967 2333 1024 2363 est
1046 2327 1136 2363 faux
1159 2330 1225 2373 (v.‚
1246 2327 1268 2363 εὶ
1289 2338 1333 2364 ce
1353 2327 1467 2374 sujet‚
1492 2329 1700 2374 Chronique
1720 2339 1808 2363 nor-

402 2384 546 2426 mande,
572 2394 606 2428 p.
630 2384 712 2429 Q59,
737 2390 826 2421 note
850 2386 896 2430 1).

451 2446 483 2481 3.
507 2446 570 2482 Au
591 2446 688 2482 mois
715 2447 841 2484 d'aout
873 2449 975 2485 1342.
1005 2449 1056 2485 Co
1079 2460 1189 2496 corps
1217 2449 1380 2496 anglais,
1409 2450 1502 2487 dont
1531 2450 1564 2487 le
1593 2450 1726 2487 chiffre
1751 2456 1809 2485 est

404 2502 453 2538 ici
468 2502 552 2549 plus
568 2514 639 2549 quc
658 2504 815 2551 decuplo
834 2506 955 2551 (selon
972 2505 1096 2541 Adam
1113 2505 1158 2542 de
1175 2506 1413 2543 Murimouth
1429 2507 1500 2551 (ed.
1518 2508 1687 2544 Thomas
1707 2506 1807 2552 Hog,

406 2560 510 2606 1846,
528 2572 562 2607 p.
582 2561 674 2605 134),
690 2561 714 2596 il
731 2563 822 2599 emit
839 2564 1055 2600 seulement
1070 2564 1115 2600 de
1138 2565 1244 2609 1,500
1265 2565 1468 2611 hommes),
1491 2565 1633 2602 aborda
1651 2565 1673 2600 a
1693 2564 1808 2599 Brest

407 2621 440 2655 le
463 2620 505 2655 18
528 2621 616 2655 aout
640 2619 740 2655 1342.
767 2622 827 2657 Un
848 2623 1014 2668 premier
1036 2634 1192 2659 secours
1213 2624 1376 2670 anglais,
1403 2624 1468 2671 qui
1483 2624 1615 2660 n’etait
1635 2634 1701 2670 pas
1723 2624 1807 2670 plus

408 2677 636 2721 nombreux,
653 2677 755 2713 avait
770 2678 854 2726 cloja
868 2680 1059 2728 dcbarquc
1077 2692 1123 2717 au
1140 2682 1266 2717 meme
1282 2688 1366 2728 port
1381 2692 1467 2718 vers
1482 2682 1516 2718 le
1532 2682 1575 2717 10
1589 2681 1666 2716 mai
1679 2682 1807 2727 proce-

409 2736 512 2771 dent.
532 2736 627 2771 Mais
643 2746 705 2772 ces
717 2736 815 2773 deux
829 2750 938 2785 corps
954 2751 1002 2776 ne
1016 2740 1193 2776 saisaient
1206 2752 1271 2787 pas
1284 2741 1479 2778 ensemble
1494 2740 1600 2785 4,000
1616 2740 1804 2777 hommes.
