1923 3358
196 294 298 340 1340]
468 298 836 330 CHRONOGRAPHIA
862 299 1015 331 REGUM
1040 299 1316 332 FRANCORUM.
1524 299 1588 334 153

255 380 355 424 Dux
389 384 541 425 autem
568 378 836 435 Brabancie,
866 378 1030 425 videns
1063 378 1163 435 hec,
1193 379 1291 426 sine.
1323 395 1453 427 mora
1479 381 1591 427 exiit

191 453 249 500 de
275 454 476 501 tentorio
501 472 509 501 :
534 461 580 502 et
605 471 689 502 rex
711 454 874 519 Anglie
894 455 1120 518 arripiens
1140 455 1323 502 frenum
1343 457 1450 519 equi
1470 457 1585 521 ejus,

190 526 373 593 rogarit
408 547 513 577 eum
550 536 600 577 ut
630 530 717 577 hoc
749 536 964 593 parceret
995 531 1118 578 dicto
1151 532 1346 589 Jacobo‚
1377 532 1455 595 qui
1485 533 1591 581 licet

190 606 387 654 traditor
411 612 457 654 et
482 607 628 654 malus
654 612 792 662 esset,
818 613 972 654 tamen
998 614 1097 654 erat
1122 607 1208 655 sibi
1238 609 1434 656 multum
1467 610 1590 657 utilis

189 699 276 745 pro
307 699 473 747 guerra
507 699 589 730 sua
620 688 665 729 et
691 683 996 730 necessarius.
1027 687 1189 730 Postea
1218 683 1312 731 dux
1339 686 1590 734 Brabancie

188 760 294 807 fecit
320 759 489 807 deferri
515 774 685 821 corpus
712 758 868 805 militis
894 759 963 805 sui
993 758 1038 804 in
1070 759 1397 816 Brabanciam3
1428 768 1473 808 et
1506 779 1587 808 rex

187 836 364 900 Anglie,
392 840 554 899 parato
580 850 749 898 magno
781 835 1012 891 convivio,
1046 835 1153 882 fecit
1183 835 1351 884 ducem
1385 843 1431 884 et
1461 842 1589 886 Jaco-

186 912 299 959 bum
325 912 458 959 simul
485 911 717 974 prandere
744 928 831 974 pro
857 913 1209 960 confirmatione
1233 914 1378 977 pacis.

251 992 299 1035 In
333 1005 427 1051 quo
460 988 657 1051 prandio
688 989 918 1036 Johannes
951 989 1008 1037 de
1040 990 1166 1037 Forti
1198 991 1437 1048 assistens,
1474 992 1590 1040 dixit

186 1065 311 1129 quod
348 1064 531 1112 volebat
574 1065 810 1128 complere
846 1071 1008 1113 votum
1049 1083 1207 1124 suum,
1249 1068 1375 1130 quod
1417 1068 1588 1115 scilicet

184 1158 525 1205 quamcumque
552 1142 706 1188 villam
735 1142 781 1189 in
813 1143 1003 1190 Francia
1029 1160 1112 1190 rex
1142 1144 1303 1209 Anglie
1331 1145 1584 1202 obsideret,

184 1224 345 1265 contra
366 1218 620 1281 quamlibet
642 1225 820 1266 turrem
847 1220 1104 1282 quarellum
1131 1221 1188 1268 de
1215 1221 1377 1268 balista
1404 1222 1586 1269 emitte-

184 1301 271 1342 ret.
305 1295 386 1342 Hic
417 1300 524 1358 post
556 1295 821 1358 prandium,
852 1302 1058 1344 armatus
1091 1313 1233 1360 super
1263 1314 1437 1360 equum
1462 1298 1590 1346 venit

183 1378 288 1419 ante
314 1378 499 1435 portam
529 1372 680 1419 Sancti
709 1372 866 1420 Fontis
895 1379 942 1420 et
973 1373 1182 1421 circuivit
1213 1374 1464 1432 civitatem,
1495 1375 1588 1421 sin-

183 1449 311 1514 gulas
340 1455 490 1496 turres
516 1449 877 1511 percussiend03
901 1466 1006 1497 cum
1033 1450 1184 1497 adhuc
1203 1456 1434 1498 restarent
1455 1452 1587 1514 quin-

183 1542 272 1589 que
298 1531 451 1572 turres
475 1525 533 1572 ad
558 1525 961 1588 percussiendum‚
993 1526 1181 1589 quidam
1209 1527 1254 1574 in
1288 1545 1376 1574 una
1407 1528 1586 1575 illarum

181 1603 400 1658 existens,
432 1601 602 1648 direxit
631 1601 889 1664 quarellum
916 1608 1076 1649 contra
1103 1619 1208 1650 eum
1236 1604 1315 1666 qui
1340 1603 1459 1650 infra
1485 1621 1586 1651 cor-

181 1696 269 1744 pus
304 1679 403 1744 ejus
433 1679 672 1726 remansit.
708 1678 810 1737 Qui,
846 1679 951 1726 licet
985 1696 1090 1726 cum
1128 1680 1307 1737 dolore,
1340 1681 1586 1743 perficiens

181 1756 308 1820 quod
334 1756 588 1820 inceperat,
615 1772 859 1820 regressus
885 1762 954 1803 est
986 1756 1043 1803 ad
1075 1773 1235 1821 regem
1267 1757 1445 1821 Anglie,
1475 1774 1587 1820 qua-

181 1834 345 1881 rellum
382 1832 559 1880 habens
596 1832 711 1879 infra
749 1849 920 1896 corpus
955 1850 1118 1889 suum3
1154 1850 1294 1896 quem
1327 1850 1411 1880 rex
1446 1834 1587 1897 inspi-

182 1911 305 1958 ciens
339 1910 537 1958 multum
576 1910 793 1967 indoluit,
833 1927 981 1974 eoque
1018 1911 1230 1958 confesso
1268 1916 1314 1958 et
1349 1910 1581 1967 ordinato,

183 1987 288 2034 fecit
314 1987 571 2049 quarellum
597 1987 777 2033 extrahi
803 1992 849 2033 et
875 1987 1087 2050 protinus
1113 1992 1326 2034 mortuus
1351 1991 1438 2034 est.

245 2067 404 2126 Itaque
426 2079 582 2110 comes
601 2064 822 2120 Hanonie,
847 2064 1052 2110 marchio
1071 2063 1341 2112 Juliocensis
1366 2069 1411 2111 et
1437 2059 1583 2111 Rufus

181 2215 264 2262 tris
298 2222 349 2262 ut
383 2219 605 2262 nocerent
636 2216 850 2278 gentibus
884 2215 1006 2279 regis
1032 2214 1220 2261 Francie
1252 2214 1331 2277 qui
1362 2220 1494 2261 erant
1525 2215 1582 2261 ad

182 2293 421 2349 BoavineS,
451 2299 677 2339 venerunt
702 2309 866 2339 versus
898 2295 1098 2339 Montem
1130 2291 1175 2338 in
1205 2291 1374 2338 Pabula
1405 2296 1451 2338 et
1479 2291 1583 2338 abs-

182 2369 438 2416 conderunt
465 2386 513 2416 se
538 2369 583 2415 in
611 2369 814 2432 quodam
842 2385 1052 2415 nemore.
1075 2367 1249 2416 Eadem
1275 2367 1349 2415 die
1375 2384 1582 2415 recesse-

181 2450 286 2491 rant
316 2444 373 2491 de
405 2444 611 2491 exercitu
643 2444 765 2508 regis
797 2443 985 2491 Franeie
1019 2443 1147 2506 quasi
1180 2444 1305 2491 mille
1342 2443 1581 2508 quingenti

230 2600 260 2635 1,
284 2599 339 2635 La
359 2599 477 2635 Chron
486 2602 566 2644 ique
587 2601 789 2635 normande
805 2600 851 2646 (p.
872 2599 926 2643 47)
944 2598 1047 2646 parle
1064 2598 1109 2635 de
1125 2599 1193 2636 500
1208 2600 1385 2636 hommes
1400 2599 1578 2644 d'armes,

181 2663 232 2703 et,
260 2669 308 2694 au
335 2658 410 2694 lieu
437 2658 482 2694 de
510 2658 732 2694 considerer
754 2659 809 2694 les
837 2658 1006 2695 diverses
1026 2659 1164 2705 phases
1184 2659 1230 2695 de
1251 2664 1350 2695 cette
1374 2664 1578 2695 rencontre

182 2727 331 2753 comme
359 2722 612 2764 appartenant
642 2728 689 2753 au
717 2717 844 2754 meme
873 2718 1120 2764 evenement,
1150 2719 1204 2754 les
1234 2718 1398 2754 attribue
1427 2717 1448 2752 a
1477 2717 1576 2753 deux

182 2777 477 2813 escarmouches
499 2776 733 2813 differentes
