1923 3358
119 293 221 340 1367]
393 296 763 329 CHRONOGRAPHIA
789 295 941 327 REGUM
966 295 1243 327 FRANCORUM.
1450 290 1516 326 315

120 396 140 420 α
172 376 369 424 relaxari
396 393 482 439 per
510 375 650 423 alium
680 391 820 438 quam
853 391 938 438 per
965 391 1210 422 romanum
1249 374 1516 422 Pontificem

120 473 139 498 (ς
171 454 354 501 valeant
380 451 710 516 quovismodo.
745 455 801 498 Et
829 451 1152 499 nichilominus
1178 468 1260 498 eos
1285 467 1447 498 omnes
1472 456 1518 497 et

118 549 138 574 <1
170 530 376 594 singulos
398 546 543 593 penas
570 534 615 575 et
641 528 900 575 sentencias
925 534 1086 575 contra
1113 528 1219 575 talia
1244 544 1518 591 presumen-

117 625 136 650 ι(
167 613 254 661 tes,
286 623 372 669 per
397 622 556 652 sacros
578 621 778 652 canones
806 605 1003 651 inflictas
1032 612 1075 652 et
1103 605 1220 652 latos
1248 605 1513 661 incurrisse,

116 702 136 727 <x
168 689 214 731 et
241 683 308 731 eis
334 683 499 746 ligatos
522 682 622 728 fore
650 681 926 728 auctoritate
952 681 1205 744 apostolica
1231 681 1514 745 supradicta,

116 779 136 804 a
166 765 329 807 tenore
368 758 664 822 presencium
712 758 1025 815 declaramus,
1072 758 1294 822 ipsosque
1339 774 1517 805 necnon

116 856 136 881 ε(
167 836 399 892 civitates,
434 835 632 898 oppida,
666 840 838 890 castra,
872 835 1025 890 villas,
1056 835 1155 882 loca
1183 852 1236 882 ac
1261 835 1518 882 communi-

116 934 135 959 «
165 920 300 970 tates,
330 912 660 961 universitates
687 918 732 959 et
759 912 957 975 populos
986 912 1031 958 in
1062 911 1132 958 his
1159 911 1411 974 culpabiles
1437 928 1518 959 seu

113 1011 134 1036 <t
165 990 427 1054 culpabilia,
446 989 664 1037 omnibus
683 989 957 1053 privilegiis,
976 988 1267 1036 libertatibus
1287 996 1332 1036 et
1351 989 1519 1036 immu-

113 1087 132 1112 α
166 1067 388 1115 nitatibus
427 1066 630 1114 realibus
668 1073 715 1113 et.
750 1065 1078 1129 popularibus,
1119 1066 1206 1113 sub
1242 1082 1517 1129 quacunque

112 1164 131 1189 (t
164 1144 421 1192 verborum
447 1144 597 1191 forma
625 1161 650 1190 a
682 1143 803 1190 dicta
840 1142 976 1198 Sede,
1005 1149 1084 1190 aut
1117 1142 1417 1205 imperatoria
1447 1143 1517 1189 vel

112 1240 132 1265 ι(
163 1221 291 1286 regia
314 1226 586 1285 magestate,
612 1226 692 1267 aut
717 1220 817 1267 aliis
846 1219 1146 1267 inferioribus
1173 1219 1406 1267 concessis
1429 1220 1517 1267 eis-

113 1318 133 1342 «
165 1298 291 1354 dem,
321 1314 501 1344 necnon
526 1297 691 1353 feudis,
723 1296 874 1353 bonis,
900 1296 1176 1351 honoribus,
1201 1296 1383 1353 officiis,
1404 1296 1518 1360 juri—

113 1394 133 1419 «
168 1375 256 1422 bus
282 1380 328 1422 et
349 1374 749 1438 jurisdictionibus
774 1390 864 1437 que
891 1391 916 1421 a
939 1390 1132 1421 romana
1155 1374 1226 1421 vel
1252 1374 1351 1421 aliis
1374 1374 1517 1421 eccle-

111 1471 130 1495 «
164 1451 260 1508 siis,
290 1458 369 1498 aut
390 1451 691 1514 imperatoria
712 1451 785 1497 vel
805 1451 933 1515 regia
953 1456 1208 1515 magestate
1230 1450 1513 1514 hujusmodi,

112 1547 132 1573 a
163 1534 242 1576 aut
275 1528 375 1575 aliis
406 1528 706 1575 inferioribus
738 1527 1093 1590 quibuscunque
1128 1534 1287 1575 tenere
1318 1544 1516 1575 noscun-

110 1625 129 1650 c<
164 1612 256 1660 tur,
299 1621 357 1652 ex
396 1621 519 1652 nunc
556 1611 607 1652 ut
645 1621 703 1651 ex
741 1610 853 1651 tunc
890 1604 1232 1652 sentencialiter
1273 1604 1515 1667 privamus

108 1703 128 1728 ι(
159 1682 437 1730 eorumdem
462 1682 763 1729 ecclesiarum
790 1687 836 1728 et
862 1681 1272 1736 monasteriorum,
1306 1680 1512 1743 prelatis,

107 1778 127 1803 α
157 1759 296 1807 etiam
326 1759 361 1806 si
390 1758 643 1822 episcopali
663 1759 737 1805 vel
764 1758 928 1822 majori
955 1757 1250 1822 prefulgeant
1271 1757 1512 1821 dignitate,

108 1855 127 1880 «
161 1835 417 1882 districtius
437 1835 722 1899 injungendo
749 1835 876 1898 quod
904 1834 1040 1882 feuda
1061 1841 1108 1881 et
1131 1834 1252 1881 bona
1272 1834 1372 1897 ipsa
1400 1834 1517 1881 reci—

107 1930 127 1955 «
160 1911 288 1975 piant
322 1917 367 1958 et
405 1927 492 1974 pro
529 1912 624 1958 suis
658 1911 866 1958 ecclesiis
905 1917 951 1957 et
993 1910 1289 1957 monasteriis
1327 1916 1516 1958 teneant

107 2007 127 2032 «
159 1993 239 2035 aut
264 1987 364 2034 aliis
384 1988 642 2035 concedant
666 1995 711 2035 et
731 1988 789 2035 de
815 1987 929 2050 ipsis
949 1987 1216 2050 disponant,
1243 1993 1384 2050 prout
1404 1988 1515 2034 alias

106 2084 125 2109 (ς
159 2065 224 2112 eis
255 2064 362 2111 licet
395 2071 440 2111 et
473 2065 774 2111 ecclesiarum
815 2071 858 2111 et
890 2064 1283 2111 monasteriorum
1322 2080 1513 2111 suorum

105 2160 125 2185 c<
159 2142 341 2188 utilitati
377 2141 581 2189 viderint
615 2141 865 2204 expedire,
905 2141 1256 2204 singularesque
1286 2157 1515 2203 personas

104 2237 125 2262 ε(
158 2218 204 2264 in
234 2217 321 2264 hiis
353 2218 607 2281 culpabiles
636 2218 694 2265 ad
728 2218 803 2264 illa
835 2223 882 2264 et
912 2217 1075 2263 similia
1111 2222 1155 2263 et
1188 2217 1394 2279 quelibet
1428 2218 1513 2265 alia

106 2313 126 2337 «
157 2294 464 2357 ipsorumque
490 2293 830 2341 descendentes
856 2310 1004 2356 usque
1024 2293 1082 2340 ad
1103 2293 1290 2340 tertiam
1317 2310 1512 2358 genera-

105 2390 123 2413 «
156 2370 331 2417 tionem
349 2370 583 2417 exclusive
602 2369 659 2416 ad
682 2369 949 2433 dignitates,
978 2373 1258 2432 personatus
1284 2385 1337 2416 ac
1359 2370 1510 2417 officia

105 2466 124 2490 a
157 2452 203 2493 et
223 2446 309 2493 alia
332 2447 537 2510 quelibet
564 2446 788 2493 beneficia
813 2445 1140 2503 ecclesiastica,
1164 2463 1272 2494 cum
1298 2463 1409 2494 cura
1435 2447 1508 2494 vel

104 2542 123 2567 (ι
157 2523 254 2570 sine
293 2539 430 2577 cura,
478 2523 645 2585 quovis
690 2522 875 2569 nomine
915 2528 1193 2570 censeantur
1233 2523 1508 2571 auctoritate

103 2619 122 2643 ι(
155 2598 360 2662 qualibet
388 2598 657 2655 obtinenda,
689 2598 1032 2646 inhabilitamus
1065 2606 1111 2646 et
1145 2600 1371 2647 inhabiles
1399 2600 1507 2647 red-

104 2695 123 2720 «
155 2675 333 2730 dimus;
358 2691 412 2721 eo
437 2674 541 2738 ipso
566 2674 765 2721 vasallos
793 2692 980 2738 quoque
1007 2682 1053 2722 et
1078 2677 1289 2723 homines
1319 2692 1505 2722 eorum-

103 2770 122 2795 «
155 2751 263 2799 dem
289 2751 664 2816 delinquencium
690 2758 851 2799 contra
877 2753 1254 2800 constitutionem
1274 2758 1318 2800 et
1340 2752 1507 2801 inhibi-
