1923 3358
148 275 367 321 4349-1350]
422 278 793 312 GHRONOGRAPHIA
818 279 972 311 REGUM
997 277 1276 310 FRANOORUM.
1480 274 1547 310 ‘247

143 376 237 407 non
271 376 322 407 se
356 359 738 424 interposuerunt
776 359 834 407 de
869 375 1039 424 guerra
1075 374 1241 423 regum
1277 357 1466 405 Francie
1502 364 1549 405 et

145 436 326 500 Anglie.

208 515 342 562 Anno
368 514 599 578 sequenti,
627 514 800 561 scilicet
818 519 870 561 M⁰
888 512 995 562 CGC⁰
1013 512 1219 568 XLvm⁰¹,
1242 511 1395 560 dictus
1414 514 1549 559 Eme-

139 592 264 639 ricus
290 591 349 638 de
382 591 522 654 Papia
547 607 635 653 pro
668 590 872 652 quadam
903 589 1098 652 pecunie
1131 605 1313 636 summa
1338 589 1549 636 vendidit

141 669 382 716 castellum
402 668 460 714 de
485 667 669 715 Kalesio
696 665 947 713 Godefrido
973 665 1031 712 de
1051 667 1260 728 Carneyo
1285 672 1330 712 et
1349 665 1548 713 Henrico

140 744 199 791 de
230 745 407 792 Bosco2
434 743 514 805 qui
547 747 674 789 certa
707 741 783 788 die
815 740 1049 788 debebant
1075 741 1242 793 ,venire
1273 741 1333 788 ad
1364 758 1471 788 eum
1503 746 1550 788 et

139 820 327 867 tradere
370 818 588 866 denarios
630 817 781 865 eidem
819 816 1095 880 promissos,
1137 819 1263 863 Tunc
1301 817 1413 864 dicti
1455 816 1549 864 duo

142 897 313 943 milites
335 894 678 942 mandaverunt
701 894 960 951 Morellum,
984 893 1227 941 dominum
1252 893 1310 940 de
1330 893 1545 949 Fiennes,

138 973 396 1021 Johannem
418 971 476 1019 de
490 971 671 1019 Landas
686 971 765 1034 qui
787 986 999 1017 sororem
1018 969 1133 1034 ejus,
1151 969 1362 1016 relictam
1381 969 1550 1018 Johan-

141 1048 213 1096 nis
234 1047 431 1095 condam
458 1047 611 1095 Sancti
637 1047 781 1104 Pauli,
808 1047 1009 1094 habebat
1034 1061 1250 1102 uxorem,
1274 1046 1549 1093 Extachium

138 1125 196 1172 de
223 1125 598 1182 Ribodimonte3‚
628 1125 843 1187 Pipinum
877 1124 936 1171 de
962 1127 1151 1177 Werre,
1192 1122 1465 1171 Oudardum
1492 1123 1550 1170 de

138 1203 274 1250 Renti
294 1208 340 1249 et
366 1202 526 1265 plures
545 1201 659 1249 alios
678 1201 847 1248 milites
867 1201 1072 1264 aliasque
1092 1199 1382 1247 communias
1402 1215 1550 1262 usque

142 1280 202 1328 ad
228 1295 478 1327 numerum
505 1289 618 1329 XVM.

205 1360 261 1404 Et
287 1372 412 1411 cum,
443 1356 518 1403 die
545 1355 744 1418 prefixa,
775 1361 882 1401 ante
908 1354 1147 1402 castellum
1167 1358 1339 1409 essent,
1369 1352 1551 1400 solvere

142 1438 358 1498 putantes
378 1433 612 1489 denarios,
635 1438 684 1480 ut
704 1432 881 1479 dictum
901 1437 990 1488 est,
1015 1449 1041 1478 a
1063 1430 1188 1478 dicto
1208 1429 1420 1477 Emerico
1441 1446 1552 1493 pro-

188 1569 219 1604 1.
245 1567 315 1604 Cet,
348 1567 502 1614 e'pisode
535 1567 616 1604 doit
650 1578 741 1604 sans
771 1567 885 1604 doute
913 1578 953 1603 se
980 1567 1108 1614 placer
1141 1567 1251 1613 apres
1277 1564 1466 1602 celui-ei:
1496 1564 1552 1600 les

141 1628 304 1664 Grandes
339 1628 563 1673 Chrom'ques
603 1627 769 1664 relatent
810 1637 883 1674 que
921 1626 1104 1674 Geoffroy
1142 1625 1187 1662 de
1226 1625 1383 1672 Charny
1429 1624 1554 1660 s’etait

140 1686 296 1732 empare
317 1685 367 1721 du
388 1685 528 1732 village
549 1685 594 1722 de
615 1686 812 1732 Coulogne
829 1684 1144 1731 (Pas-de-Calais,
1163 1683 1492 1719 arrondissement
1507 1682 1552 1718 de

140 1745 542 1792 Boulogne-sur—Mer,
566 1750 709 1781 canton
732 1745 778 1780 de
800 1744 957 1790 Calais),
980 1744 1067 1779 d'osi
1087 1743 1114 1778 il
1140 1742 1343 1789 inquietait
1363 1742 1400 1777 la
1422 1741 1554 1788 garni-

139 1814 210 1840 son
230 1803 276 1839 de
298 1803 440 1840 Calais.
464 1804 496 1839 Il
517 1809 576 1840 est
596 1805 723 1840 meme
744 1803 911 1850 possible
934 1813 1008 1850 que
1030 1801 1234 1838 l'abandon
1249 1801 1294 1838 de
1316 1811 1359 1838 ce
1376 1806 1484 1847 poste
1501 1800 1553 1836 ait

138 1864 198 1899 ete
221 1863 257 1898 la
277 1863 550 1910 consequence
570 1862 615 1899 de
637 1863 782 1899 l'echec
803 1863 870 1898 des
891 1862 1034 1909 projets
1059 1861 1256 1897 combines
1282 1871 1351 1907 par
1372 1858 1553 1906 Geoffroy

139 1926 274 1958 contre
306 1920 434 1957 Calais
470 1922 646 1967 (Grandes
681 1923 919 1967 Ghronz’ques,
951 1926 979 1957 t.
1011 1921 1061 1965 V,
1090 1931 1125 1966 p.
1160 1921 1256 1962 487),
1291 1919 1473 1965 Geoffroy
1507 1918 1553 1954 de

137 1981 294 2027 Charny
314 1980 418 2016 avait
449 1981 574 2017 renssi
601 1981 623 2016 a
653 1981 782 2017 elever
809 1991 885 2016 une
914 1980 1120 2016 forteresse
1142 1978 1163 2013 a
1184 1977 1382 2023 Conlogne
1404 1989 1410 2011 :
1437 1989 1452 2010 <t
1477 1976 1554 2012 Pro

142 2054 157 2074 «
181 2040 288 2076 calce
310 2044 466 2086 capta...
490 2051 558 2086 pro
579 2039 731 2076 bastida
752 2039 877 2075 insule
900 2037 1144 2074 Coloniensis
1167 2047 1283 2083 prope
1304 2035 1508 2071 Calesium.
1534 2049 1550 2068 »

140 2098 289 2144 (Viard,
312 2101 511 2135 Journauoe
530 2101 580 2134 du
613 2101 740 2134 Tresor
760 2100 802 2134 cle
831 2099 994 2143 Philippo
1021 2099 1064 2132 VI
1081 2099 1122 2132 de
1146 2097 1273 2140 Valoz's,
1298 2095 1319 2130 a
1339 2096 1376 2131 la
1395 2095 1482 2131 date
1502 2094 1553 2130 du

140 2158 183 2193 10
203 2168 308 2193 mars
331 2157 437 2204 1349,
459 2169 498 2193 n.
523 2161 585 2203 st.)
608 2158 655 2194 Je
678 2157 798 2193 serais
829 2167 936 2193 assez
963 2157 1071 2203 porte
1098 2155 1120 2191 ὲ.
1141 2154 1266 2191 croire
1293 2165 1366 2201 que
1392 2154 1555 2201 l'argent

138 2217 249 2253 verse
269 2227 339 2264 par
359 2216 470 2253 ordre
501 2217 550 2253 du
574 2217 631 2253 roi
655 2231 670 2251 «
692 2228 759 2264 pro
786 2216 904 2253 certis
934 2214 1103 2262 negociis
1131 2213 1362 2250 necessariis
1382 2224 1449 2260 pro
1471 2213 1554 2260 ipso

141 2288 155 2309 α
180 2285 285 2322 rege,
309 2280 455 2311 statum
475 2275 565 2312 ville
587 2276 729 2312 Calesii
749 2274 1015 2322 tangentibus,
1037 2272 1253 2310 faciendis»
1279 2272 1426 2318 (Viard,
1447 2274 1553 2308 Jour-

137 2345 241 2370 nauoe
267 2336 318 2369 du
353 2335 481 2370 Τνέςον
510 2336 552 2370 de
580 2336 747 2380 Philippa
775 2336 818 2371 VI
844 2336 884 2370 de
912 2335 1039 2378 ValoiS,
1073 2332 1095 2367 a
1122 2332 1159 2367 la
1184 2331 1271 2368 date
1300 2331 1351 2367 du
1380 2331 1422 2368 13
1449 2342 1553 2367 mars

140 2393 245 2437 1349,
279 2404 317 2428 n.
354 2393 432 2438 st.),
467 2393 523 2429 fut
557 2393 658 2429 celui
691 2404 764 2440 que
793 2393 869 2429 l’on
900 2392 1003 2428 avait
1035 2390 1179 2438 promis
1212 2402 1261 2426 au
1288 2389 1481 2436 capitaine
1508 2389 1554 2425 de

137 2450 280 2486 Calais.
302 2450 363 2486 En
383 2456 467 2487 tout
489 2462 569 2497 caS,
592 2462 635 2488 ce
651 2456 880 2498 guet-apens
896 2456 960 2487 eut
978 2449 1053 2485 lieu
1076 2449 1172 2485 dans
1193 2448 1230 2485 la
1251 2448 1336 2484 nuit
1356 2448 1406 2484 du
1428 2448 1468 2484 31
1486 2447 1554 2483 de-

137 2508 292 2546 cembre
314 2509 403 2545 1349
425 2520 473 2544 au
502 2511 556 2545 10¹*
581 2509 735 2557 janvier
765 2510 855 2546 1350
885 2508 952 2555 (Cf.
978 2509 1183 2555 Froissart,
1205 2507 1264 2543 ed.
1286 2507 1407 2554 Luce,
1429 2512 1457 2542 t.
1480 2506 1552 2552 IV,

137 2579 173 2615 p.
195 2578 329 2612 xxxm,
354 2572 445 2602 note
468 2568 515 2611 1).

185 2625 220 2661 2.
248 2638 262 2659 α
287 2625 566 2672 Monseigneur
598 2626 723 2662 Henri
758 2626 807 2662 du
840 2627 938 2673 Bos,
971 2625 1230 2673 Champenois
1255 2639 1271 2660 ι)
1306 2625 1419 2671 (Bibl.
1455 2630 1552 2670 nat.,

142 2682 252 2718 fonds
273 2683 396 2731 franc.
419 2683 528 2730 2598,
550 2683 612 2720 fol.
637 2685 710 2730 58),
732 2684 778 2720 de
798 2685 834 2720 la
853 2685 1004 2721 maison
1025 2684 1070 2722 de
1091 2684 1241 2732 Rouey.

190 2743 222 2778 3.
249 2742 325 2779 Sur
352 2743 387 2779 le
415 2747 628 2780 testament
655 2743 886 2781 d'Eustache
913 2744 958 2781 de
987 2744 1214 2792 Rihemont,
1245 2743 1327 2781 voir
1353 2745 1466 2780 Revue
1493 2744 1551 2779 des

145 2801 294 2838 Societes
314 2806 495 2847 savantes,
521 2803 559 2838 4⁶³
580 2803 694 2850 serie,
718 2803 823 2851 1866,
847 2810 873 2839 t.
898 2803 967 2850 IV,
988 2815 1024 2850 p.
1048 2804 1106 2841 68.
