1923 3358
120 266 224 312 1346]
395 271 766 304 CHRONOGRAPHIA
792 271 946 304 REGUM
970 270 1248 303 FRANCORUM.
1454 266 1519 303 231

184 349 356 398 Videns
382 350 523 414 igitur
549 350 675 413 quod
695 366 779 396 rex
799 349 989 397 Francie
1017 348 1301 411 sequebatur
1325 364 1432 395 eum
1460 349 1523 395 ita

115 427 174 474 de
193 444 343 490 prope
360 444 466 474 cum
488 429 693 474 maximo
713 428 938 484 exercitu,
959 427 1061 473 fixit
1080 427 1279 473 tentoria
1297 442 1378 474 sua
1395 425 1521 488 apud

113 504 425 551 Cressiacum1
459 521 607 568 prope
641 521 806 551 nemus
835 511 881 551 et
914 504 1170 551 exercitum
1203 520 1340 551 suum
1369 502 1520 550 claudi

110 580 217 627 fecit
243 581 457 628 curribus
489 581 585 627 suis
617 587 663 626 et
694 580 952 644 quadrigis,
982 580 1139 642 ibique
1169 581 1366 627 multum
1398 580 1520 627 hesi-

115 663 272 704 tanter
296 657 589 720 expectabat,
617 656 839 719 quoniam
864 672 948 703 rex
976 656 1164 702 Francie
1188 673 1294 704 cum
1320 657 1522 704 maxima

116 732 388 780 fortitudine
415 732 629 779 veniebat
656 733 713 779 ad
740 745 865 779 eum.

178 814 234 857 Et
259 827 343 857 rex
369 809 557 856 Francie
583 815 762 856 tantum
786 808 1069 856 desideravit
1093 809 1284 873 aggredi
1308 809 1519 857 inimicos

115 886 258 949 quod,
288 903 375 950 pro
396 903 694 949 quocumque
713 886 924 941 consilio,
951 886 1097 933 noluit
1122 892 1370 949 expectare
1391 903 1519 933 com-

111 963 292 1010 munias
324 980 448 1018 suas,
478 979 588 1026 ymo
621 963 856 1010 ordinavit
888 980 1023 1010 suum
1056 963 1228 1010 bellum
1257 980 1316 1010 ex
1347 964 1519 1026 princi-

110 1040 247 1103 pibus
274 1040 352 1103 qui
380 1056 538 1087 secum
567 1048 699 1087 erant
725 1057 777 1087 ac
805 1040 1018 1103 premisit
1043 1040 1137 1087 duo
1169 1040 1294 1086 milia
1319 1043 1518 1088 Jannen-

108 1117 230 1164 cium
256 1117 648 1164 balistariorum?
674 1120 816 1164 Erant
839 1117 963 1164 enim
989 1133 1096 1164 cum
1123 1133 1179 1164 eo
1199 1133 1284 1164 rex
1309 1117 1513 1174 Boemie,

109 1211 266 1241 comes
306 1194 665 1249 Alectionensis,
714 1194 858 1241 frater
896 1211 1033 1250 suus,
1072 1209 1229 1240 comes
1265 1193 1513 1249 Blesensis,

107 1288 255 1334 nepos
282 1288 411 1327 quS,
441 1271 537 1318 dux
565 1271 860 1334 Lotharingie
888 1271 967 1333 qui
995 1277 1182 1333 neptem
1217 1286 1349 1317 suam
1377 1270 1518 1317 habe-

106 1348 186 1394 bat
213 1364 428 1404 uxorem,
454 1364 666 1394 sororem
685 1348 901 1394 videlicet
926 1347 1035 1394 dicti
1064 1347 1246 1394 comitis
1268 1347 1514 1403 Blesensis,

108 1424 302 1471 comites
320 1424 550 1480 Flandrie,
572 1425 984 1481 Autisiodorensis,
1006 1424 1262 1480 HariCurie,
1286 1424 1517 1471 Namurcii

108 1508 155 1548 et
181 1501 436 1549 Sabaudie3
463 1517 568 1548 cum
597 1502 809 1564 pluribus
830 1502 929 1548 aliis
952 1500 1225 1547 baronibus.

173 1578 363 1626 Interim
414 1578 637 1641 Flamingi
683 1578 962 1625 obsidebant
1006 1577 1311 1634 Bethuniam3
1358 1577 1518 1624 audito

107 1655 233 1718 quod
276 1672 360 1702 rex
402 1655 566 1720 Anglie
609 1655 945 1702 commissurus
983 1661 1103 1702 esset
1145 1655 1318 1702 bellum
1355 1660 1516 1701 contra

105 1748 265 1796 regem
295 1731 503 1785 Francie‚
534 1730 811 1778 dubitabant
844 1747 902 1777 ne
927 1731 1028 1793 ipse
1054 1747 1139 1777 rex
1169 1730 1330 1795 Anglie
1361 1731 1517 1777 vince-

102 1814 233 1855 retur
248 1825 272 1854 a
291 1807 497 1864 Francis,
520 1814 717 1871 propter
734 1824 898 1855 eorum
916 1807 1106 1854 nimiam
1122 1807 1512 1855 multitudinem4.

104 1885 195 1932 Sed
226 1885 358 1932 aliter
393 1885 565 1932 evenit.
603 1887 717 1931 Nam
745 1885 789 1931 in
820 1884 1051 1948 principio
1079 1884 1184 1930 belli
1212 1884 1339 1946 quod
1366 1900 1515 1947 prope

106 1962 392 2009 Cressiacum
420 1961 522 2017 fuit,
556 1965 810 2009 Jannenses
843 1962 1119 2024 inceperunt
1149 1961 1345 2007 traicere
1376 1977 1515 2023 quar-

106 2116 120 2136 «
143 2110 298 2150 propter
335 2113 492 2149 guerras
526 2102 639 2149 regis.
664 2115 679 2134 »
716 2101 865 2147 (Viard,
892 2103 1091 2137 Journauoe
1120 2102 1170 2135 clu
1201 2101 1327 2135 Tre'sor
1358 2102 1399 2135 de
1424 2102 1513 2136 Phi-

102 2163 197 2207 lippa
224 2163 265 2197 V]
284 2163 324 2197 de
355 2163 483 2202 Valois,
508 2161 530 2196 a
551 2161 587 2196 la
608 2161 693 2196 date
715 2160 763 2195 du
786 2160 830 2195 ‘29
849 2160 933 2207 juin
957 2160 1075 2205 1349.)

150 2221 182 2255 1.
207 2219 342 2268 Crecy,
378 2220 555 2264 Somme,
589 2219 920 2256 arrondissement
953 2218 1215 2264 d’Abbeville,
1253 2218 1434 2254 chef-lieu
1467 2219 1512 2255 de

107 2283 263 2315 canton.

147 2338 182 2375 2.
206 2338 257 2373 M.
282 2338 384 2374 Luce
407 2338 479 2383 (ed.
503 2338 548 2374 de
572 2338 778 2383 Froissart,
802 2346 828 2373 t.
853 2337 925 2382 III,
946 2349 981 2384 p.
1008 2349 1071 2382 Lu,
1095 2342 1184 2373 note
1208 2338 1237 2381 1)
1260 2337 1397 2373 estime
1419 2348 1512 2373 avec

100 2398 229 2432 raison
248 2408 320 2444 que
336 2397 369 2431 le
387 2397 518 2433 chiffre
537 2397 581 2432 de
601 2397 730 2442 15,000
746 2397 890 2432 Genois
906 2396 1058 2443 produit
1075 2407 1142 2442 par
1156 2396 1345 2431 Froissart
1361 2401 1418 2432 est
1433 2398 1511 2432 tros

99 2456 274 2502 exagere.
297 2455 327 2490 Il
343 2466 503 2501 propose
527 2456 634 2500 6,000
650 2457 825 2492 hommes
848 2455 996 2501 d'apres
1018 2455 1186 2498 Villani;
1207 2455 1245 2503 je
1262 2456 1382 2491 serais
1403 2457 1510 2502 porte

99 2515 121 2551 a,
143 2515 292 2552 reduire
313 2526 469 2558 encore,
486 2526 635 2551 comme
653 2516 685 2550 le
702 2515 768 2550 fait
791 2520 901 2551 notre
924 2514 1149 2561 chronique.

148 2574 181 2610 3.
207 2573 282 2609 Sur
302 2585 345 2610 ce
369 2585 472 2620 nom,
496 2574 578 2609 voir
598 2576 715 2619 infra,
741 2585 777 2620 p.
801 2574 885 2619 ζ233,
908 2578 996 2609 note
1019 2573 1051 2609 3.

149 2632 182 2668 4.
205 2632 515 2676 Etfectivement,
544 2632 598 2668 les
625 2632 833 2667 Flamands
863 2633 1037 2668 leverent
1064 2632 1097 2667 le
1127 2632 1231 2679 siege
1260 2633 1305 2667 de
1328 2632 1508 2667 Bethune

104 2691 138 2727 le
159 2691 203 2727 24
226 2692 328 2727 aout.
352 2690 383 2726 Il
405 2702 428 2737 y
457 2701 478 2725 a
504 2689 599 2725 dans
626 2690 659 2725 le
692 2690 907 2726 manuscrit
932 2692 1137 2726 dubitantes
1158 2702 1207 2726 au
1236 2690 1310 2726 lieu
1333 2691 1378 2726 de
1399 2693 1508 2726 dubi-

107 2751 247 2786 tabant.
