1923 3358
111 253 214 299 1379]
384 257 755 289 CHRONOGRAPHIA
782 257 934 288 REGUM
959 255 1239 288 FRANCORUM.
1442 253 1509 288 375

113 353 134 378 a
166 333 405 381 faciemus.
439 353 458 378 n
490 336 616 381 Tunc
644 332 833 380 intravit
862 335 984 396 Papa
1008 332 1266 396 Neapolim,
1295 331 1373 379 ubi
1399 348 1512 396 gau-

111 410 276 458 denter
301 416 346 458 et
376 427 482 458 cum
514 410 691 457 honore
722 409 926 456 maximo
958 415 1175 473 receptus
1205 413 1278 457 est
1302 426 1328 456 a
1353 409 1513 473 regina

113 504 166 535 ac
192 488 368 535 locatus
395 493 466 535 est
490 488 536 534 in
564 487 761 535 Castello
788 486 889 534 Ovi.

175 567 373 627 Propter
397 563 648 611 adventum
675 565 797 625 Pape
825 568 927 609 orta
952 567 1023 609 est
1054 560 1226 608 sedicio
1254 560 1376 609 inter
1398 565 1513 609 Nea-

110 641 357 704 politanos,
392 640 454 687 ita
488 646 538 687 ut
571 645 675 686 ante
708 642 831 702 Pape
865 638 1136 695 adventum,
1170 638 1265 702 jam
1299 639 1514 702 expulse-

109 723 214 764 rant
228 717 287 764 de
300 717 698 780 archiepiscopatu
714 714 1133 778 archiepiscopum,
1150 715 1386 762 hominem
1404 733 1515 779 pro-

109 794 221 842 bum
257 801 303 841 et
334 793 612 849 valentem1‚
649 793 755 855 quia
787 792 974 839 tenebat
1005 798 1187 855 partem
1218 792 1363 854 ipsius
1393 795 1515 857 Pape

111 870 384 927 Clementis3
416 886 469 916 ac
501 870 602 916 loco
634 869 733 933 ejus
766 874 1039 924 statuerant,
1069 885 1125 915 ex
1160 874 1291 931 parte
1324 868 1511 925 Urbani,

110 947 360 1011 quemdam
387 946 606 994 clericum
634 946 711 1009 qui
736 945 978 993 dicebatur
1003 945 1239 1009 dyaconus
1265 945 1490 1010 gilbosus.

175 1027 297 1088 Papa
323 1024 478 1086 itaque
506 1030 613 1086 post
643 1023 844 1086 aliquam
877 1038 1076 1077 moram,
1105 1026 1302 1085 propter
1326 1029 1516 1068 conten-

111 1101 262 1149 tiones
278 1101 687 1164 Neapolitanorum
708 1100 926 1147 dubitans
945 1115 1004 1146 ne
1025 1098 1132 1146 inde
1153 1098 1239 1146 sibi
1260 1098 1379 1145 male
1399 1098 1517 1145 acci-

109 1178 288 1235 deret2,
314 1177 506 1225 consilio
530 1176 775 1225 cardinalis
793 1176 1116 1224 Ambianensis
1133 1191 1351 1240 egressus
1371 1181 1441 1222 est
1457 1175 1516 1222 de

109 1255 295 1302 civitate
321 1271 374 1302 ac
399 1254 536 1301 rediit
559 1253 685 1317 apud
711 1253 1046 1317 Esprelonghe,
1076 1252 1155 1300 ubi
1181 1252 1386 1315 quinque
1412 1252 1518 1299 reli-

110 1338 276 1395 querat
311 1331 585 1379 cardinales.
618 1330 792 1378 Deinde
828 1329 1017 1377 intravit
1051 1346 1204 1386 mare,
1241 1335 1288 1375 et
1319 1345 1426 1376 cum
1461 1345 1516 1376 eo

110 1408 300 1471 quidam
333 1410 618 1471 Arragonus,
655 1406 827 1453 scilicet
855 1406 1115 1453 vicecomes
1144 1404 1406 1461 Rodiensis,
1439 1407 1518 1451 Jo-

109 1486 285 1533 hannes
302 1484 361 1532 de
376 1485 723 1547 Luxemburgo,
742 1483 886 1530 frater
900 1483 1082 1530 comitis
1099 1483 1251 1530 Sancti
1269 1481 1392 1529 Pauli
1410 1497 1516 1528 cum

110 1561 391 1625 quibusdam
413 1561 633 1608 militibus
655 1566 701 1607 et
720 1560 818 1607 aliis
838 1560 1014 1623 paucis,
1039 1559 1166 1606 venit
1190 1558 1512 1607 Avinionemss.

174 1638 349 1686 Deinde
391 1657 416 1685 a
458 1655 542 1686 suo
580 1639 722 1685 latere
761 1638 919 1700 plures
957 1636 1205 1684 destinavit
1243 1637 1421 1700 legatos
1459 1636 1517 1683 ad

110 1716 321 1763 diversas
346 1714 507 1762 mundi
536 1720 695 1777 partes
723 1732 731 1760 ;
756 1714 877 1760 inter
900 1730 1019 1776 quos
1044 1712 1171 1760 misit
1196 1712 1397 1760 Parisius
1423 1719 1519 1759 tres

110 1793 169 1839 de
188 1793 283 1839 suis
309 1790 636 1845 cardinalibus,
663 1790 834 1837 scilicet
857 1790 1253 1844 Lemovicensem,
1279 1789 1519 1836 Pictaven-

112 1885 211 1916 sem
240 1874 286 1915 et
317 1867 375 1915 de
402 1867 642 1931 Agriffolio
673 1874 722 1914 ut
753 1866 811 1913 ad
843 1866 1152 1914 serenandam
1180 1865 1517 1913 conscienciam

111 1944 285 2001 Karoli,
313 1944 437 2008 regis
462 1947 766 2000 Francorum,
796 1943 966 1990 nudate
993 1947 1186 2005 possent
1212 1958 1318 1988 cum
1344 1941 1447 2005 ipso
1472 1947 1519 1988 et

111 2022 291 2086 integre
317 2020 566 2068 intrinseca
591 2037 671 2067 sue
698 2019 866 2067 mentis
891 2019 1100 2066 revelare
1126 2024 1173 2066 et
1192 2018 1428 2065 declarare
1443 2018 1518 2082 jus

161 2183 193 2217 1.
216 2179 504 2227 L'archeveque
531 2178 625 2215 etait
652 2178 859 2226 originaire
888 2177 937 2213 du
968 2177 1119 2214 diocese
1145 2177 1190 2213 de
1216 2176 1342 2213 Rodez
1363 2181 1401 2213 et
1421 2176 1518 2224 s’ap-

111 2239 228 2288 pelait
248 2238 424 2276 Bernard
444 2238 489 2274 de
510 2237 727 2273 Montaure.
751 2236 812 2273 On
827 2236 860 2272 le
878 2235 1071 2284 remplaca
1093 2235 1256 2272 aussitot
1276 2246 1344 2282 par
1366 2247 1418 2270 un
1441 2245 1519 2271 cer-

113 2299 195 2335 tain
215 2300 414 2334 Ludovicus
436 2300 626 2333 Bozzutus.
657 2297 760 2331 Pour
790 2296 826 2331 la
847 2295 1043 2342 re'ception
1066 2295 1156 2330 faite
1184 2295 1206 2330 a
1232 2294 1408 2330 Clement
1428 2294 1518 2340 VH,

114 2358 197 2394 voir
218 2358 322 2393 aussi
342 2357 391 2393 N.
414 2356 563 2398 ValoiS,
585 2357 692 2397 Ibid„
716 2366 752 2402 p.
777 2355 820 2390 32
841 2360 878 2390 et
901 2354 957 2390 33.

161 2416 196 2453 ⁶2.
220 2416 396 2451 Clement
417 2414 493 2450 VII
513 2414 654 2460 effraye
683 2413 925 2459 s’embarqua
951 2413 984 2448 le
1008 2412 1050 2448 13
1076 2412 1152 2448 mai
1175 2412 1263 2448 1379
1290 2417 1328 2447 et
1348 2417 1480 2448 rentra
1498 2412 1520 2447 a

116 2475 329 2522 Sperlonga
353 2475 411 2520 (N.
429 2473 577 2519 Valois,
599 2475 704 2515 Ibid„
728 2484 763 2519 p.
788 2473 860 2518 33),
881 2471 966 2508 d’ou
987 2471 1012 2507 il
1033 2472 1148 2518 partit
1165 2483 1263 2519 pour
1276 2471 1469 2507 Marseille
1485 2471 1519 2507 le

42 2537 44 2539 ’
116 2534 160 2570 22
180 2533 270 2568 mai.

164 2593 196 2628 3.
221 2592 397 2627 Clement
411 2591 489 2626 VII
509 2590 702 2637 debarqua
723 2590 744 2625 ξι
763 2589 955 2625 Marseille
970 2589 1003 2625 le
1022 2589 1277 2637 10juin1379.
1296 2589 1355 2625 On
1372 2599 1519 2625 remar-

117 2662 249 2699 quera,
273 2662 368 2697 pour
388 2661 431 2686 ee
451 2650 516 2697 qui
543 2649 717 2696 precede,
746 2648 991 2685 l'exactitude
1020 2648 1085 2685 des
1114 2648 1385 2685 informations
1411 2647 1457 2685 de
1484 2648 1520 2684 la

119 2710 436 2755 Ghronoyraphz'a.
