1923 3358
157 289 260 335 1341]
433 291 804 325 GHRONOGRAPHIA
831 290 983 322 REGUM
1008 288 1286 321 FRANGORUM.
1493 283 1558 320 167

157 372 423 422 detulerunt
448 370 762 435 Nampnetis1.
789 369 982 428 Quidam
1002 373 1158 417 autem
1179 367 1375 415 festinus
1397 383 1560 415 cucur-

153 449 214 496 rit
244 453 293 496 et
332 448 561 496 nuntiavit
600 447 759 495 comiti
799 445 1102 493 Montisfortis
1143 443 1360 492 Almarici
1399 442 1560 490 deces—

155 542 260 574 sum
299 525 422 589 ejus3
464 524 545 588 qui
586 523 837 571 advertens
877 522 1004 585 quod
1049 521 1145 569 dux
1186 520 1426 583 predictus
1466 536 1559 567 non

154 602 348 650 haberet
379 601 575 649 heredes
604 600 663 647 de
690 615 828 646 carne
861 615 960 654 sua,
996 598 1152 645 statim
1179 597 1371 644 consilio
1399 596 1561 644 uxoris

155 680 282 736 sue2,
319 678 496 726 sororis
530 676 714 723 comitis
745 675 975 730 Flandrie,
1018 690 1125 721 cum
1165 674 1377 721 ducentis
1411 674 1561 721 homi-

154 756 290 804 nibus
344 770 584 802 armorum
639 752 786 800 adivit
834 751 1120 799 Britanniam
1170 750 1228 797 ad
1278 750 1561 799 saisiandum

160 834 396 882 ducatum.

219 913 333 959 Cum
369 913 526 957 autem
558 907 763 955 venisset
799 905 1092 969 NampnetiS‚
1134 905 1230 969 jam
1270 904 1367 952 dux
1409 906 1563 969 sepul-

152 994 227 1035 tus
252 992 352 1035 erat
378 986 637 1050 singulique
668 985 870 1032 barones
902 983 961 1031 ad
994 982 1186 1046 propria
1215 990 1557 1030 remeaverant.

153 1063 345 1120 Deinde,
373 1062 687 1110 mediantibus
714 1059 996 1124 quibusdam
1021 1059 1179 1106 amieis
1210 1059 1322 1116 suis,
1352 1059 1511 1122 plures
1537 1076 1562 1106 e

153 1139 466 1205 burgensibus
503 1138 702 1186 civitatis
735 1137 942 1195 attraxit,
983 1137 1047 1184 ita
1082 1142 1133 1184 ut
1171 1152 1279 1183 eum
1310 1135 1563 1183 honorifice

153 1218 418 1281 reciperent
451 1222 498 1264 et
527 1233 577 1263 se
608 1215 815 1263 facturos
846 1214 998 1262 eidem
1022 1213 1292 1278 homagium
1318 1213 1563 1276 promitte-

153 1299 274 1341 rent.
307 1298 504 1357 Insuper
535 1291 787 1347 comitissa,
818 1307 937 1338 uxor
969 1290 1084 1354 ejus,
1115 1290 1406 1353 subsequens
1433 1306 1559 1346 eum,

154 1387 260 1418 cum
292 1370 469 1417 honore
500 1369 706 1416 maximo
737 1386 764 1415 a
789 1367 968 1414 civibus
999 1373 1187 1431 recepta
1219 1372 1314 1423 est3
1347 1372 1393 1414 et
1428 1383 1562 1431 egre-

153 1448 286 1495 diens
311 1463 468 1494 comes
494 1462 601 1493 cum
631 1445 898 1492 hominibus
923 1444 1019 1491 suis
1047 1450 1093 1491 et
1126 1444 1338 1507 pluribus
1364 1443 1422 1490 de
1450 1443 1561 1490 civi-

152 1525 241 1572 bus
266 1523 482 1579 civitatis,
506 1522 745 1586 profectus
765 1527 835 1569 est
855 1521 1124 1569 Lemovieas
1150 1537 1240 1583 que
1261 1520 1411 1568 fuerat
1437 1519 1561 1566 dicto

153 1600 259 1648 duci
291 1599 504 1656 Johanni‚
537 1598 668 1663 eujus
697 1598 868 1645 tesauri
903 1597 1053 1661 major
1086 1613 1197 1660 pars
1226 1595 1401 1644 ibidem
1434 1602 1558 1652 erat;

153 1677 424 1738 intransque
455 1675 714 1731 civitatem,
751 1691 810 1721 ex
842 1673 1014 1721 civium
1045 1688 1277 1720 consensu
1309 1672 1432 1735 cepit
1465 1671 1562 1718 dic-

153 1759 253 1800 tum
275 1758 512 1800 tesaurum
535 1769 590 1799 ae
613 1751 753 1799 rediit
778 1750 903 1814 apud
929 1753 1228 1814 Nampnetas‚
1257 1748 1338 1796 ubi
1364 1764 1561 1796 uxorem

154 1846 287 1878 suam
306 1829 564 1877 dimiserat.

219 1907 522 1971 Congregatis
548 1911 703 1955 autem
730 1923 787 1953 ex
814 1905 940 1953 omni
973 1910 1106 1968 parte
1133 1903 1363 1960 soldariis,
1390 1907 1561 1966 Namp-

154 1990 372 2032 netenses
409 1989 456 2031 et
497 1984 560 2030 illi
594 1984 653 2031 de
693 1983 844 2047 patria
885 1998 971 2046 per
1007 1982 1187 2046 girum,
1227 1980 1437 2028 fecerunt
1473 1980 1560 2027 sibi

202 2127 235 2161 1.
259 2124 367 2161 Cette
389 2124 578 2171 premiere
607 2124 746 2171 phrase
773 2134 795 2159 a
820 2124 880 2159 ete
902 2123 1079 2159 resumee
1099 2133 1167 2168 par
1188 2122 1224 2156 la
1245 2122 1450 2166 Chronique
1471 2132 1560 2156 nor-

154 2186 287 2220 mande
303 2184 350 2230 (p.
365 2184 437 2230 48),
453 2183 518 2231 qui
533 2183 596 2219 n’a
612 2183 695 2219 rien
710 2183 763 2219 dit
778 2182 844 2219 des
860 2183 1113 2219 evenements
1128 2181 1356 2227 d'Espagne.
1373 2180 1473 2217 Jean
1486 2180 1559 2226 ΙΙΙ,

154 2243 228 2278 duc
248 2242 293 2278 de
313 2242 522 2288 Bretagne,
547 2247 703 2278 mourut
734 2241 769 2277 le
798 2241 841 2278 30
872 2241 968 2277 avril
997 2241 1084 2277 1341
1109 2239 1130 2275 a
1152 2239 1268 2285 Caen,
1292 2250 1340 2275 au
1363 2244 1494 2276 retour
1513 2239 1558 2275 de

154 2300 400 2348 l'expedition
420 2300 465 2336 de
486 2300 664 2337 Flandre.
680 2321 727 2327 —
741 2300 793 2336 M.
812 2300 856 2335 de
871 2300 908 2335 la
926 2298 1124 2345 Borderie,
1140 2299 1219 2345 qui,
1238 2298 1369 2334 mieux
1389 2309 1462 2345 que
1477 2309 1558 2345 per-

155 2371 291 2406 sonne,
314 2359 472 2395 connait
492 2359 677 2396 l'histoire
698 2359 744 2395 de
765 2359 974 2406 Bretagne‚
992 2369 1013 2393 a
1028 2358 1117 2393 bien
1138 2357 1269 2404 voulu,
1290 2368 1339 2393 en
1358 2357 1482 2404 jetant
1502 2357 1558 2394 les

153 2430 257 2467 yeux
284 2429 349 2453 sur
381 2429 424 2454 ce
456 2423 582 2464 texte,
615 2429 677 2454 me
711 2418 880 2465 signaler
911 2422 948 2453 et
981 2417 1036 2452 les
1068 2427 1249 2463 passages
1281 2427 1488 2453 nouveaux
1521 2423 1559 2452 et

154 2479 210 2514 les
230 2487 385 2514 erreurs
404 2477 449 2513 de
477 2477 513 2512 la
532 2478 711 2523 presente
732 2476 957 2523 chronique.
979 2476 1025 2511 Je
1048 2476 1102 2511 lui
1128 2475 1209 2511 dois
1239 2475 1274 2511 la
1301 2475 1386 2523 plus
1413 2475 1558 2522 grande

153 2537 277 2584 partie
298 2536 343 2573 de
364 2536 619 2572 l'annotation
644 2535 802 2572 relative
830 2535 852 2570 Ξι
871 2536 908 2571 la
929 2545 1065 2581 guerre
1086 2534 1131 2571 de
1153 2534 1375 2572 succession
1396 2534 1441 2570 de
1463 2534 1557 2570 Bre-

154 2602 283 2643 tagne.

202 2656 236 2691 ἱ).
266 2654 327 2691 On
353 2665 401 2690 ne
428 2654 587 2691 connait
613 2665 681 2701 pas
710 2654 858 2690 d'autre
889 2653 1099 2701 chronique
1126 2653 1190 2701 qui
1215 2653 1379 2689 attribue
1410 2664 1452 2688 ee
1478 2652 1555 2688 role

158 2714 370 2761 important
401 2713 447 2749 de
479 2713 626 2749 conseil
657 2718 696 2750 et
725 2713 978 2759 d’influence,
1008 2724 1057 2749 en
1090 2718 1190 2750 cette
1217 2713 1504 2757 circonstance,
1535 2711 1555 2746 a

156 2773 307 2810 Jeanne
328 2773 373 2809 de
395 2772 590 2809 Montfort.
