1923 3358
194 282 299 329 1343]
463 286 833 320 CHRONOGRAPHIA
860 286 1013 320 REGUM
1038 286 1317 319 FRANGORUM.
1530 284 1597 321 205

257 364 431 412 Deinde
456 364 680 412 recedens
701 365 759 413 de
785 366 912 413 curia
938 383 1037 422 sua,
1067 366 1192 413 misit
1216 366 1294 429 qui
1320 382 1408 429 pro
1430 382 1485 413 eo
1511 366 1599 413 dif-

190 440 358 488 fideret
382 458 543 505 regern
563 442 880 490 Edowardum
901 449 1042 506 atque
1068 443 1372 490 transmeavit
1391 443 1438 489 in
1456 446 1598 490 Fran-

190 517 308 565 ciam
343 518 401 565 ad
435 535 598 582 regem
635 519 899 581 Philippum
935 526 981 566 et
1021 518 1212 566 tradidit
1253 519 1294 565 ei
1328 519 1506 567 litteras
1537 520 1596 567 de

189 595 562 642 confederatione
590 594 821 642 dictorum
849 595 1020 643 Oliveri
1049 594 1108 642 de
1138 595 1341 653 Cliconio
1373 603 1419 643 et
1446 596 1597 644 Gode-

187 670 294 718 fridi
315 671 372 718 de
390 670 628 718 Haricuria
648 686 754 717 curn
775 686 886 734 rege
906 670 1087 735 Anglie.
1119 674 1175 718 Et
1200 671 1438 719 modicum
1465 679 1591 736 post,

186 763 343 795 comes
383 747 574 795 recessit
615 745 673 794 de
707 746 921 804 Francia,
963 763 1047 794 nec
1087 753 1251 810 postea
1291 765 1317 794 a
1353 765 1590 812 quoquam

185 824 315 872 visus
340 823 455 871 est1.

250 903 422 964 Captus
439 906 509 947 est
534 900 689 963 itaque
713 900 923 948 Oliverus
944 900 1002 948 de
1021 900 1223 959 Cliconio
1237 902 1272 958 ²,
1303 908 1441 965 atque
1463 902 1594 966 jussu

184 977 309 1041 regis
340 977 539 1041 Philippi
571 976 860 1040 decapitatus
897 983 968 1024 est
1005 977 1052 1024 in
1090 977 1296 1040 quodam
1329 980 1594 1042 spectaculo

182 1055 410 1111 Parisius;
439 1071 610 1118 corpus
636 1061 792 1102 autem
821 1056 967 1118 ipsius
994 1071 1274 1119 suspensum
1304 1063 1375 1104 est
1400 1057 1446 1103 in
1474 1057 1593 1120 pati-

182 1132 291 1179 bulo
314 1131 441 1194 quod
467 1131 790 1179 Monsfalconis
810 1131 997 1188 dicitur,
1019 1148 1168 1195 prope
1191 1132 1394 1180 Parisius
1421 1151 1430 1179 ;
1455 1140 1594 1196 caput

181 1225 295 1255 vero
313 1208 518 1255 delatum
535 1214 606 1255 est
626 1208 846 1255 Nannetis
869 1214 1008 1271 atque
1025 1208 1071 1254 in
1093 1215 1234 1272 portu
1259 1209 1361 1272 (sic)
1383 1208 1593 1273 ejusdem

180 1284 311 1332 urbis
337 1301 478 1347 super
504 1301 644 1332 unam
669 1285 876 1332 lanceam
902 1285 1108 1348 positum
1137 1291 1227 1342 est,
1261 1286 1369 1349 quia
1392 1286 1590 1333 tradicio

180 1360 228 1407 in
271 1360 435 1408 eadem
486 1361 671 1409 civitate
718 1362 945 1409 macinata
989 1362 1221 1408 extiterat.
1278 1361 1592 1410 Gaudefridus

180 1443 334 1485 autem
355 1437 413 1485 de
441 1438 680 1486 Haricuria
700 1438 1018 1486 transfretavit
1039 1438 1085 1484 in
1112 1438 1324 1502 Angliam
1351 1439 1408 1486 ad
1428 1455 1592 1503 regem

178 1513 522 1571 Edowardum3
544 1514 675 1578 jussu
700 1531 887 1578 quoque
913 1514 1037 1579 regis
1056 1514 1254 1578 Philippi
1278 1514 1492 1562 exulatus
1518 1520 1587 1562 est

178 1609 205 1638 a
240 1607 386 1656 regno
422 1591 612 1638 Francie
651 1608 767 1639 sono
801 1591 968 1639 bucine
1002 1608 1089 1654 per
1116 1590 1361 1654 quadrivia
1387 1590 1586 1638 civitatis

177 1669 400 1717 Parisius.

240 1746 389 1795 Ceteri
421 1762 534 1793 vero
571 1745 842 1802 traditores,
883 1746 970 1794 hiis
1002 1745 1190 1803 auditis,
1226 1746 1364 1794 simul
1396 1746 1586 1793 adunati

175 1830 487 1887 perrexerunt
505 1823 565 1870 ad
589 1823 829 1871 dominam
849 1823 907 1871 de
929 1824 1131 1883 Cliconio
1149 1830 1194 1871 et
1211 1831 1523 1872 narraverunt
1543 1825 1585 1871 ei

177 1900 235 1947 de
253 1906 405 1947 morte
424 1901 580 1948 mariti
601 1901 694 1957 sui3
718 1907 828 1948 tunc
845 1901 1008 1948 eadem
1029 1901 1219 1948 domina
1239 1917 1345 1948 cum
1362 1901 1584 1964 quadrin-

175 1977 326 2041 gentis
356 1977 622 2025 hominibus
653 1978 766 2025 abiit
797 1978 857 2026 ad
899 1978 1138 2025 castellum
1179 1977 1238 2025 de
1279 1978 1414 2025 Brest
1451 1979 1579 2042 quod

174 2060 285 2101 tunc
310 2060 409 2101 erat
434 2053 604 2101 Karolo
630 2053 688 2101 de
713 2054 902 2111 Blesisss,
936 2060 1130 2117 eratque
1155 2053 1431 2102 castellanus
1459 2055 1581 2119 ejus-

224 2235 256 2269 1.
279 2234 322 2270 L.
345 2234 503 2279 Delisle,
527 2237 683 2271 Histoire
703 2237 753 2271 du
773 2237 926 2271 chciteau
952 2239 984 2271 et
1009 2237 1068 2271 des
1089 2237 1178 2271 sires
1199 2236 1239 2270 de
1259 2235 1580 2272 Saint-Sauveur-

176 2295 226 2328 le-
239 2294 400 2334 Vtcomte,
422 2293 550 2340 pieces
569 2294 855 2341 justificatives‚
876 2306 911 2341 p.
935 2294 993 2330 95.
1024 2293 1080 2329 Cf.
1105 2292 1298 2330 Froissart
1323 2294 1392 2340 (ed.
1417 2294 1579 2341 Kervyn

174 2351 219 2387 de
240 2352 492 2399 Lettenhove‚
514 2358 540 2389 t.
564 2353 633 2394 IV,
656 2365 691 2400 p.
718 2354 814 2399 458).

220 2410 254 2446 2.
278 2410 423 2447 Olivier
455 2410 500 2446 de
533 2411 683 2447 Clisson
716 2412 771 2447 fut
804 2411 965 2447 executa
997 2411 1031 2447 le
1062 2411 1081 2447 2
1114 2413 1204 2448 aout,
1235 2411 1325 2448 1343
1359 2412 1577 2458 (Froissart,

175 2468 232 2505 ed.
256 2469 377 2514 Luce,
398 2475 425 2505 t.
449 2469 520 2515 III⁷
543 2481 578 2516 p.
602 2482 652 2516 IX,
674 2476 764 2506 note
787 2471 834 2515 3).

222 2528 254 2564 3.
278 2528 329 2564 Ce
350 2529 666 2575 renseignement
688 2529 833 2565 semble
854 2534 937 2565 tout
958 2528 980 2564 a
1000 2528 1067 2564 fait
1087 2529 1178 2565 faux
1195 2542 1202 2565 :
1219 2529 1246 2565 il
1260 2535 1318 2566 est
1334 2529 1482 2566 certain
1504 2541 1577 2577 que

174 2587 333 2623 Charles
355 2587 399 2623 de
421 2587 526 2624 Blois
548 2588 650 2624 avait
679 2588 828 2635 assiege
856 2587 970 2624 Brest
997 2599 1044 2624 en
1068 2589 1158 2625 aout
1189 2588 1292 2634 1342,
1315 2588 1413 2624 mais
1434 2588 1578 2624 n’avait

172 2657 223 2693 pu
245 2646 451 2693 s'emparer
473 2646 518 2681 de
546 2652 645 2682 cette
666 2647 788 2693 place,
812 2652 848 2682 et
875 2646 951 2682 l'on
980 2657 1028 2682 ne
1049 2647 1128 2683 voit
1147 2658 1215 2694 pas
1236 2658 1309 2694 que
1330 2647 1463 2694 depuis
1484 2647 1577 2693 lors,

173 2716 223 2741 en
245 2706 335 2742 1342
356 2706 396 2741 ni
416 2706 632 2753 longtemps
653 2707 777 2753 apres,
800 2705 826 2741 il
849 2717 872 2753 y
894 2705 945 2741 ait
966 2716 1013 2742 eu
1034 2717 1185 2743 aucune
1205 2706 1393 2743 tentative
1415 2706 1463 2742 du
1478 2706 1578 2753 parti

173 2764 218 2801 de
240 2765 397 2801 Charles
417 2764 462 2801 de
482 2765 587 2801 Blois
608 2776 703 2812 pour
722 2765 885 2812 prendre
908 2765 1032 2801 Brest.
1056 2764 1124 2802 Cet
1146 2765 1314 2812 episode,
1333 2765 1391 2801 s'il
1405 2771 1463 2802 est
1478 2766 1574 2811 vrai,
