1923 3358
337 307 382 343 ‘20
609 305 979 341 CHRONOGRAPHIA
1007 304 1161 336 REGUM
1187 302 1468 336 FRANCORUM.
1521 298 1744 346 [1333-1336

337 386 690 435 conestabularii
723 383 929 432 Galcheri
963 382 1021 429 de
1048 381 1369 439 castellione1‚
1399 387 1445 428 et
1470 381 1745 445 episcopum

336 465 662 512 Belvacensem
696 462 739 507 in
773 460 1003 525 Angliam.
1038 460 1123 517 Qui
1157 459 1464 522 personaliter
1497 464 1746 523 pergentes

335 540 393 587 ad
433 555 594 603 regem
634 536 797 602 Anglie
837 542 1125 601 rogaverunt
1167 553 1299 593 eum,
1341 553 1399 582 ex
1443 540 1578 598 parte
1619 536 1747 599 regis

334 615 547 670 Francie‚
591 614 808 677 quatinus
850 618 1108 661 assumeret
1150 629 1308 660 secum
1348 611 1553 676 viagium
1594 617 1747 658 trans-

334 692 564 738 marinum
598 696 644 738 et
674 690 801 754 quod
834 689 1019 738 fidelem
1053 689 1324 737 societatem
1353 688 1442 736 sibi
1472 704 1560 753 per
1591 687 1748 735 omnia

332 773 529 815 teneret.

398 845 573 903 Quibus
593 861 678 891 rex
700 843 862 908 Anglie
888 842 1132 907 respondit
1158 842 1285 906 quod
1312 842 1512 890 multum
1537 840 1748 889 mirabile

332 930 454 971 esset
475 923 559 971 sibi
583 923 758 971 dictum
779 922 984 986 viagium
1005 921 1156 968 facere
1171 921 1305 985 juxta
1329 924 1599 984 requestam
1623 917 1748 983 regis

333 1000 540 1056 Francie‚
571 999 658 1046 nisi
685 999 785 1062 ipse
817 1004 997 1046 teneret
1029 997 1325 1045 concorditer
1358 997 1590 1061 promissa
1622 994 1747 1060 apud

333 1075 592 1132 Ambianis‚
629 1077 674 1121 in
709 1073 879 1138 quibus
909 1074 1006 1138 jam
1038 1074 1334 1120 defectuosus
1370 1072 1588 1120 extiterat
1621 1069 1748 1135 apud

333 1169 458 1199 eum.
492 1172 511 1196 (t
542 1151 704 1209 Dicite,
741 1171 761 1196 ))
792 1150 966 1214 inquit,
1000 1170 1020 1195 (ς
1052 1150 1243 1198 domino
1274 1155 1434 1196 vestro
1465 1148 1565 1213 regi
1598 1146 1744 1211 quod,

338 1249 357 1273 «
390 1229 576 1292 quando
624 1228 928 1292 compleverit
974 1244 1065 1290 que
1115 1227 1331 1290 promisit
1378 1227 1519 1274 michi
1567 1232 1745 1283 tenere,

337 1324 356 1348 ε(
389 1304 653 1368 promptior
690 1303 901 1350 inveniar
936 1303 994 1350 ad
1032 1303 1210 1350 dictum
1245 1302 1450 1367 viagium
1486 1300 1750 1349 faciendum

337 1399 357 1424 «
390 1397 529 1443 quam
570 1381 686 1444 ipse.
733 1399 753 1424 n
797 1379 905 1437 Qui,
951 1378 1107 1427 audita
1148 1379 1477 1443 responsione,
1523 1378 1749 1425 valefacto

332 1473 466 1522 rege,
506 1462 776 1504 remearunt
810 1456 868 1503 ad
904 1472 1089 1521 regem,
1127 1456 1173 1503 in
1208 1456 1450 1503 Franciam
1491 1455 1748 1502 referentes

332 1550 611 1597 responsum
638 1533 809 1597 prefati
835 1533 959 1597 regis
987 1533 1198 1598 Anglie2.

396 1613 613 1657 Preterea
639 1626 752 1656 vero
779 1609 946 1656 accidit
969 1608 1097 1672 quod
1124 1609 1284 1674 regina
1304 1608 1495 1656 Francie
1515 1607 1615 1656 dies
1635 1624 1748 1672 pur-

332 1686 530 1750 gationis
557 1703 638 1733 sue
660 1686 869 1749 implevit
886 1686 943 1733 de
961 1686 1056 1733 filio
1080 1703 1164 1734 suo
1180 1686 1384 1750 juniore,
1409 1685 1626 1734 videlicet
1643 1684 1748 1732 Phi-

333 1763 461 1826 lippo
489 1763 564 1826 qui
595 1763 682 1809 fuit
708 1763 803 1810 dux
833 1764 1194 1811 Aurelianensis.
1226 1763 1356 1812 Unde
1382 1780 1467 1810 rex
1494 1780 1578 1827 pre
1603 1762 1748 1810 nimio

333 1838 502 1902 gaudio
539 1839 645 1886 fecit
678 1840 779 1887 fieri
817 1857 961 1888 unum
1002 1857 1223 1906 magnum
1261 1841 1432 1888 festum
1471 1840 1516 1887 in
1557 1856 1748 1887 nemore

332 1916 635 1973 Vicenarum3
674 1916 801 1980 quod
837 1933 941 1964 cum
979 1917 1173 1965 deberet
1205 1916 1346 1980 incipi
1381 1922 1428 1964 et
1458 1916 1555 1981 jam
1593 1915 1749 1964 omnia

333 1998 489 2038 essent
514 1997 687 2055 aptata,
718 1992 872 2040 subito
898 1999 1001 2040 orta
1025 2000 1096 2040 cst
1118 1999 1375 2057 tempestas
1402 1993 1622 2049 maxima,
1645 1998 1747 2040 ten-

332 2069 450 2115 toria
468 2068 766 2132 disrumpens
784 2086 891 2117 cum
905 2070 1132 2117 immixtis
1148 2069 1406 2134 fulgoribus
1422 2075 1563 2133 atque
1581 2075 1747 2117 cuncta

333 2144 479 2191 eciam
506 2145 744 2192 hourdicia
771 2162 862 2209 que
888 2152 1021 2193 erant
1045 2152 1217 2204 erecta,
1242 2152 1293 2194 ut
1313 2163 1400 2210 per
1421 2146 1529 2194 inde
1556 2146 1746 2194 domine

334 2220 504 2268 festum
537 2223 877 2285 prospicerent,
908 2223 1139 2271 subvertit
1169 2240 1222 2270 ac
1253 2223 1461 2271 fonditus
1493 2224 1539 2270 in
1571 2229 1745 2271 terram

334 2297 611 2360 prostravit,
650 2299 934 2347 irruentibus
968 2300 1213 2364 ymbribus
1243 2316 1349 2347 cum
1382 2300 1602 2348 tonitruis
1632 2299 1746 2347 vali-

383 2475 417 2509 1.
440 2473 621 2510 Gaucher
641 2474 686 2509 de
707 2474 901 2512 Chat1110n
923 2482 987 2513 eut
1007 2489 1104 2524 pour
1125 2488 1355 2515 successeur
1376 2489 1424 2514 en
1448 2477 1536 2514 1327
1553 2477 1678 2514 Raoul
1699 2476 1745 2514 de

335 2532 521 2578 Bricnnc,
545 2538 670 2568 comto
691 2533 784 2569 d'Eu
808 2541 844 2570 et
867 2535 911 2570 de
933 2536 1096 2573 Guines.

382 2592 416 2627 72.
439 2592 513 2627 Les
540 2593 740 2627 Ancz'ennes
767 2594 982 2639 chroniqzws
1009 2598 1050 2631 de
1078 2597 1235 2632 Flandre
1262 2598 1392 2637 (istm-e
1418 2601 1450 2632 et
1476 2599 1670 2641 croniques
1701 2597 1741 2632 de

336 2653 522 2696 Flandres,
544 2657 571 2686 t.
589 2650 619 2697 Ι,
642 2663 676 2698 p.
695 2652 774 2697 352)
792 2659 946 2689 sautcnt
961 2665 1052 2690 sans
1074 2655 1282 2692 transition
1299 2655 1344 2691 de
1360 2666 1403 2692 ce
1417 2655 1526 2703 point
1547 2655 1569 2690 a.
1590 2655 1626 2690 la
1643 2660 1745 2692 mort

336 2708 380 2744 de
400 2710 499 2746 Jean
523 2710 657 2746 XXII.
