1923 3358
113 307 217 353 1364]
388 311 758 345 CHRONOGRAPHIA
784 313 937 345 REGUM
962 312 1242 346 FRANCORUM.
1447 307 1512 346 307

108 389 393 437 Bertrandus
447 391 505 437 de
555 391 843 454 Glaiquino1‚
896 391 1147 439 Balduinus
1194 390 1511 455 d'Ennequin,

108 466 330 531 magister
351 467 711 523 balistariorum,
735 467 997 515 vicecomes
1014 468 1316 526 Bellimontis,
1337 468 1516 516 Oudar-

105 543 193 591 dus
219 544 277 591 de
298 544 450 600 Renti,
473 544 745 591 Baldrainus
769 543 827 590 de
854 548 1024 601 Heuza,
1045 548 1261 593 Mutonus
1285 545 1343 592 de
1363 545 1515 593 Blain-

105 620 211 667 villa
239 626 284 667 et
313 621 472 684 plures
497 620 571 667 alii
611 620 780 667 milites
811 620 870 667 de
895 621 1087 668 Francia
1113 622 1328 669 abierunt
1352 627 1515 670 contra

104 713 186 745 eos
210 696 255 743 in
282 703 491 744 montem
517 697 594 759 qui
623 696 793 744 dicitur
814 697 977 761 gallice
1005 698 1231 746 Cooereffl.
1261 702 1318 746 Et
1341 699 1512 747 mortui

103 777 210 820 sunt
226 772 289 820 ibi
308 772 531 836 magister
544 771 907 827 balistariorum,
929 773 1190 821 vicecomes
1206 775 1509 832 Bellimontis,

100 849 333 897 Renaldus
363 849 422 896 de
455 849 747 898 Bornovilla3
778 856 823 896 et
854 850 1016 914 plures
1048 850 1107 897 de
1140 858 1274 914 parte
1312 855 1513 900 Franco-

101 942 224 974 rum.
254 925 618 982 Nichillominus,
643 926 776 973 victis
796 927 1033 983 Navarris,
1060 928 1183 991 capti
1209 935 1317 975 sunt
1339 929 1512 993 captal-

99 1003 170 1050 lus
205 990 264 1050 de
298 1005 410 1057 Buc,
449 1005 614 1050 Petrus
650 1002 707 1050 de
745 1003 1033 1060 Sacainvilla,
1073 1005 1306 1052 Johannes
1341 1006 1507 1063 Joielli,

99 1080 265 1127 ceteris
304 1080 558 1144 capitaneis
599 1080 645 1126 in
684 1080 807 1127 bello
850 1081 1038 1138 occisis,
1071 1088 1269 1146 excepto
1302 1083 1510 1131 Roberto

98 1156 220 1204 Scoti
254 1156 334 1220 qui
371 1157 519 1204 evasit
551 1156 609 1204 de
642 1156 810 1204 eodem
842 1157 964 1205 bello
1001 1158 1125 1221 quod
1160 1159 1326 1206 accidit
1357 1159 1509 1223 pridie

98 1234 413 1281 coronationis
448 1233 558 1282 dicti
596 1234 721 1299 regis
753 1235 957 1282 Karoli4.
999 1238 1163 1283 Postea
1202 1252 1342 1293 vero,
1375 1236 1509 1300 jussu

97 1309 239 1374 regis,
270 1313 434 1357 Petrus
470 1309 528 1356 de
563 1310 834 1358 Sacainvilla
865 1310 1120 1358 decollatus
1145 1316 1217 1358 est
1252 1312 1298 1358 in
1333 1312 1509 1360 Rotho-

97 1403 236 1451 mago
262 1392 307 1434 et
333 1392 558 1434 tractatus
584 1403 716 1434 more
749 1387 1034 1435 traditoris5.
1063 1391 1164 1436 Rex
1197 1395 1353 1437 autem
1385 1389 1508 1453 quit-

145 1546 176 1581 1.
200 1544 303 1581 C'est
324 1544 346 1580 a
366 1544 429 1580 Du
450 1544 637 1582 Guesclin
658 1545 748 1592 qu’il
770 1545 850 1582 faut
878 1551 1051 1592 reporter
1071 1546 1278 1583 l'honneur
1301 1546 1346 1583 de
1367 1546 1403 1583 la
1424 1547 1507 1584 vic-

96 1603 208 1649 toire,
231 1604 264 1639 le
287 1608 413 1640 comte
434 1602 651 1639 d'Auxerre
672 1608 791 1650 ayant
812 1603 962 1640 decline
984 1604 1020 1640 16
1041 1605 1396 1642 commandement.

141 1662 176 1698 2.
200 1662 401 1708 Cocherel,
430 1662 545 1708 Eure,
573 1662 906 1698 arrondissement
931 1653 1139 1709 d'Evreux‚
1165 1669 1309 1700 canton
1337 1664 1383 1700 de
1405 1664 1505 1701 Ver-1

94 1733 189 1769 non,
211 1732 420 1758 commune
440 1721 486 1757 de
506 1721 696 1758 Houlbec.

141 1781 175 1817 3.
198 1780 379 1817 D'autres
405 1785 547 1826 textes,
570 1791 618 1816 au
648 1780 724 1816 lieu
751 1780 796 1816 de
827 1792 870 1817 ce
896 1791 1002 1825 nom,
1024 1780 1299 1818 mentionnent
1327 1781 1427 1818 celui
1454 1781 1505 1818 du

95 1840 170 1876 sire
191 1839 236 1876 de
257 1839 511 1876 Betencourt.

139 1899 173 1935 4.
196 1899 251 1935 La
270 1898 425 1935 bataille
446 1899 491 1935 de
513 1898 701 1935 Cocherel
727 1904 793 1935 eut
820 1898 896 1935 lieu
925 1910 1003 1935 non
1029 1910 1097 1946 pas
1125 1899 1162 1935 la
1182 1900 1296 1936 veille
1324 1900 1375 1936 du
1396 1911 1504 1938 sacre

93 1958 138 1995 de
159 1958 321 1994 Charles
342 1958 392 2003 V,
414 1959 513 1994 mais
534 1958 627 1995 trois
644 1958 752 2005 jours
773 1964 905 2004 avant,
923 1958 1154 1994 c'est-a-dire
1176 1959 1210 1995 16
1234 1959 1275 1995 16
1297 1960 1374 1995 mai
1397 1960 1500 1997 1364.

142 2019 175 2054 5.
197 2017 449 2053 L'execution
470 2024 535 2053 eut
564 2017 638 2052 lieu
660 2028 733 2063 peu
762 2018 872 2063 apres
894 2017 927 2052 16
955 2017 1086 2052 milieu
1108 2017 1153 2052 de
1177 2017 1276 2064 juin,
1299 2017 1321 2052 a
1342 2018 1378 2053 la
1405 2019 1502 2055 suite

93 2076 142 2112 du
177 2076 306 2123 sejour
338 2087 411 2123 que
444 2076 485 2112 fit
514 2075 675 2112 Charles
696 2076 727 2110 V
759 2077 780 2111 a
806 2076 946 2112 Rouen
972 2076 1028 2122 (E.
1060 2076 1174 2121 Petit,
1207 2079 1254 2112 les
1286 2077 1433 2123 Se'jours
1462 2079 1503 2113 de

96 2136 245 2171 Charles
272 2136 304 2179 V,
329 2145 365 2181 p.
389 2135 437 2180 9).
462 2134 512 2169 Le
536 2134 591 2170 roi
618 2134 684 2181 n’y
704 2139 806 2170 resta
831 2135 960 2181 guere,
987 2135 1185 2180 peut-etre
1215 2134 1298 2170 huit
1325 2135 1433 2182 jours
1454 2147 1502 2172 an

93 2193 226 2229 milieu
254 2193 303 2229 du
329 2193 428 2229 mois
459 2206 466 2228 z
492 2206 507 2226 «
603 2193 694 2229 ledit
722 2193 904 2240 seigneur
932 2203 979 2229 ne
1009 2193 1194 2229 demoura
1220 2205 1288 2240 pas
1318 2195 1503 2243 illacques

96 2267 111 2287 «
133 2253 384 2300 longuement
417 2266 432 2285 >›
468 2252 585 2295 (Bibl.
622 2258 718 2298 nat.,
750 2252 911 2289 Cabinet
944 2252 1010 2288 des
1043 2253 1192 2299 Titres,
1221 2253 1355 2291 Pieces
1385 2255 1503 2303 origi-

92 2311 216 2357 nales,
238 2311 313 2348 vol.
344 2311 424 2354 137,
454 2311 602 2347 dossier
622 2312 727 2356 2764,
758 2311 865 2358 piece
885 2312 932 2351 ⁶2).
958 2311 1030 2347 Les
1058 2323 1132 2347 uns
1153 2312 1280 2349 disent
1307 2324 1380 2360 que
1406 2314 1500 2351 Sac-

91 2370 286 2417 quenville
326 2375 390 2406 eut
435 2370 471 2406 la
502 2371 581 2407 tete
618 2371 825 2416 tranchee,
858 2370 1025 2406 d'autres
1056 2371 1287 2417 pretendent
1321 2372 1412 2420 qu'il
1445 2373 1501 2410 fut

94 2430 283 2476 ecarteIe,
319 2440 468 2466 comme
499 2440 548 2465 en
584 2429 649 2466 fait
682 2429 732 2465 foi
762 2429 930 2465 l’extrait
960 2429 1115 2465 suivant
1139 2443 1146 2466 :
1172 2444 1188 2464 «
1211 2430 1278 2467 Dit
1304 2442 1377 2479 que
1406 2432 1501 2468 Far-

96 2503 111 2522 «
134 2489 194 2524 (161
222 2500 243 2524 a
266 2491 347 2525 este
375 2500 545 2535 ennemy
567 2488 616 2524 du
643 2488 730 2535 Roy
751 2499 800 2524 en
827 2489 862 2524 la
891 2489 1144 2536 compaygnie
1169 2489 1217 2525 du
1246 2490 1428 2536 seigneur
1455 2491 1501 2527 de

96 2562 110 2581 «
135 2547 369 2594 Saqueville‚
387 2547 451 2594 qui
474 2547 512 2582 fu
531 2546 685 2594 justicie
706 2558 803 2593 pour
823 2557 883 2582 ses
905 2546 1109 2584 demeritas
1132 2559 1202 2595 par
1222 2560 1287 2585 cas
1313 2549 1359 2585 de
1380 2549 1500 2585 crime

95 2620 109 2640 α
133 2606 178 2642 (16
207 2606 284 2642 lese
314 2606 476 2654 majeste
506 2613 544 2642 et
572 2606 715 2652 ycellui
747 2617 768 2642 a
789 2606 930 2642 cosaile
955 2608 1044 2653 (sic),
1067 2608 1239 2645 consorte
1265 2614 1302 2645 et
1331 2608 1443 2656 aydie
1463 2617 1501 2645 et

95 2679 111 2699 «
132 2666 210 2702 tint
231 2665 266 2701 le
287 2666 434 2702 chastel
455 2665 500 2702 de
522 2665 742 2712 Saqueville
762 2670 895 2701 contre
917 2665 951 2702 le
972 2666 1059 2714 Roy
1078 2672 1116 2703 et
1138 2678 1198 2704 ses
1217 2667 1428 2704 officiers...
1451 2668 1500 2704 Et

95 2739 109 2759 (ι
134 2726 173 2762 fu
193 2737 289 2773 pour
311 2725 343 2762 le
370 2730 494 2771 temps
521 2735 595 2772 que
621 2724 676 2760 les
702 2724 863 2772 Engloiz
884 2730 921 2760 et
947 2724 1157 2762 Navarrois
1182 2727 1412 2763 chevacient
1431 2738 1501 2775 par

97 2799 113 2819 «
135 2785 170 2821 16
190 2785 296 2832 pais;
320 2790 358 2821 et
379 2784 400 2819 a
421 2794 464 2820 ce
485 2795 558 2831 que
577 2783 699 2831 partie
720 2783 878 2820 adverse
900 2783 953 2820 dit
974 2784 1065 2832 qu’il
1086 2786 1198 2823 estoit
1219 2797 1314 2823 avec
1336 2786 1497 2835 Saquin-
