1923 3358
339 252 383 289 48
610 253 977 288 CHRONOGRAPHIA
1002 253 1154 285 REGUM
1179 250 1457 284 FRANGORUM.
1627 247 1732 295 [1338

405 334 577 382 Deinde
595 337 819 380 venerunt
840 346 1004 377 versus
1023 330 1241 376 comitem
1258 328 1493 376 Flandrie¹
1513 335 1560 376 et
1578 329 1735 393 requi-

341 411 517 458 sierunt
550 409 675 472 quod
714 423 876 455 omnes
911 406 1079 454 exulati
1115 422 1200 469 per
1228 405 1619 468 conspirationem
1657 410 1736 452 aut

340 487 427 535 alio
452 485 592 533 modo
617 489 948 532 revocarentur
973 501 981 530 :
1007 483 1134 547 quod
1161 499 1317 530 comes
1337 481 1565 529 concessit
1586 481 1737 529 tribus

339 563 474 610 villis.
501 564 664 609 Postea
690 561 918 609 miserunt
944 561 1002 608 ad
1028 576 1190 607 omnes
1222 559 1369 606 bonas
1393 558 1524 605 villas
1557 564 1604 606 et
1639 574 1738 605 cas-

337 639 543 686 tellanias
584 637 796 685 Flandrie
833 637 1099 702 capitaneos
1140 653 1199 684 ex
1236 642 1368 700 parte
1407 636 1619 699 ipsorum
1659 633 1739 697 qui

336 715 534 779 patriam
553 715 935 779 gubernaverunt
951 731 1056 763 cum
1074 714 1286 762 exulibus
1304 713 1382 776 qui
1401 718 1534 760 erant
1554 711 1634 759 ibi.
1654 711 1739 769 Qui

336 792 602 840 dubitantes
628 809 685 839 ne
704 792 882 840 nobiles
899 791 1185 839 contrairent
1204 790 1534 838 rebellionibus
1553 804 1735 845 eorum,

336 875 560 932 ceperunt
597 885 677 916 eos
716 869 759 915 in
799 869 1020 932 hostagiis
1055 874 1100 916 et
1138 868 1479 916 mandaverunt
1517 882 1597 913 eos
1635 865 1737 929 (sic)

336 962 422 1009 per
447 962 609 994 omnes
630 945 915 993 castellanias
942 945 1152 994 Flandrie
1173 945 1300 1008 quod
1322 944 1408 992 sub
1436 961 1553 1007 pena
1573 942 1741 990 mortis

336 1022 550 1070 venirent
584 1028 631 1070 et
665 1029 878 1070 tenerent
912 1023 1167 1085 prisionem
1202 1022 1247 1068 in
1285 1021 1522 1069 Gandavo.
1561 1020 1645 1078 Qui
1680 1019 1743 1066 ita

337 1099 566 1157 fecerunt,
597 1116 688 1146 non
713 1099 937 1147 audentes
964 1099 1300 1146 contradicere.

398 1177 575 1241 Anglici
596 1193 709 1224 vero
723 1177 934 1225 videntes
952 1194 1001 1224 se
1021 1193 1211 1224 securos
1232 1176 1290 1223 de
1308 1175 1573 1239 Flamingis‚
1592 1173 1743 1221 redie-

335 1258 444 1298 runt
478 1251 524 1297 in
557 1252 768 1315 Angliam
803 1258 849 1299 et
879 1258 1190 1300 narraverunt
1225 1251 1324 1315 regi
1358 1251 1471 1313 quid
1509 1251 1740 1307 feoerant3

337 1327 583 1391 statimque
626 1344 711 1374 rex
754 1329 915 1392 Anglie
959 1329 1085 1376 misit
1128 1329 1174 1375 in
1217 1327 1480 1376 Flandriam
1525 1344 1743 1392 magnam

337 1404 519 1466 copiam
546 1405 801 1453 lanarum2.
831 1406 1007 1454 Deinde
1030 1407 1168 1470 jussit
1192 1405 1428 1470 navigium
1462 1405 1611 1469 aptari
1638 1421 1745 1452 cum

338 1481 684 1544 provisionibus
715 1483 1057 1545 pertinentibus
1087 1501 1096 1530 :
1126 1483 1234 1530 fecit
1269 1483 1407 1530 etiam
1434 1499 1582 1529 novos
1607 1482 1745 1529 flore-

339 1574 424 1605 nos
447 1576 614 1606 aureos
633 1559 751 1616 fieri,
776 1561 946 1607 nobiles
966 1560 1221 1625 vulgariter
1240 1565 1551 1622 nuncupatos,
1576 1560 1622 1606 in
1643 1559 1746 1622 qui-

339 1635 426 1683 bus
451 1636 605 1698 posuit
632 1643 815 1684 scutum
847 1638 989 1684 armis
1022 1638 1211 1686 Francie
1238 1644 1283 1684 et
1315 1637 1476 1701 Anglie
1510 1636 1746 1699 quartilla-

337 1716 454 1759 tum.
471 1716 667 1775 Insuper
683 1729 731 1760 se
749 1713 907 1760 vocari
924 1730 1086 1778 regem
1104 1713 1295 1761 Francie
1317 1721 1363 1760 et
1381 1713 1543 1777 Anglie
1560 1712 1741 1777 jussitss.

343 1853 358 1872 «
380 1850 456 1875 une
478 1840 711 1877 convention
727 1841 791 1888 qui
806 1841 932 1878 devait
955 1852 1110 1878 assurer
1126 1841 1163 1877 la
1183 1840 1477 1878 reconciliation
1494 1840 1542 1875 du
1560 1839 1615 1876 roi
1629 1837 1746 1875 d’An-

343 1913 358 1932 «
381 1899 543 1946 gleterre
564 1906 602 1937 et
622 1900 687 1937 des
710 1912 935 1937 communes
956 1900 1000 1938 de
1025 1900 1208 1944 Flandre;
1231 1901 1258 1936 il
1278 1901 1362 1936 leur
1382 1900 1437 1935 fut
1458 1899 1600 1946 permis
1616 1899 1747 1936 d'aller

345 1971 360 1990 «
383 1959 570 1995 chercher
595 1958 661 1994 des
689 1959 811 1996 laines
840 1960 862 1995 a
890 1960 1152 1996 Dordrecht...
1180 1974 1195 1992 »
1224 1959 1398 2006 (Kervyn
1421 1958 1466 1994 (16
1491 1958 1746 2005 Lettenhove,

342 2018 498 2052 Histoire
519 2019 558 2052 de
579 2019 748 2062 Flandre,
774 2023 801 2054 t.
824 2018 895 2064 ΙΙΙ,
918 2030 954 2065 p.
979 2018 1073 2064 190.)

390 2076 422 2111 1.
446 2075 518 2111 Les
546 2077 749 2112 Ancz‘ennes
781 2078 996 2122 chroniques
1024 2078 1064 2112 de
1093 2078 1252 2112 Flandre
1281 2077 1403 2122 (Istore
1431 2080 1462 2111 et
1491 2065 1682 2121 croniq'ues
1706 2076 1747 2111 de

342 2135 526 2179 Mandros,
551 2140 578 2170 t.
602 2135 633 2181 I,
654 2147 690 2182 p.
714 2135 793 2182 364)
814 2141 880 2172 ont
901 2135 974 2171 mis
990 2149 1003 2168 «
1025 2135 1058 2172 16
1080 2142 1204 2171 comte
1220 2135 1265 2171 de
1286 2134 1427 2171 Guelre
1446 2148 1460 2169 »
1481 2134 1502 2170 ὴ
1517 2140 1578 2171 cet
1597 2133 1747 2170 endroit

344 2204 391 2227 au
412 2193 487 2228 lieu
507 2193 553 2229 de
570 2207 584 2227 c<
603 2194 637 2230 16
658 2201 784 2231 comte
804 2195 849 2231 de
870 2194 1048 2231 Flandre.
1069 2208 1083 2229 n
1115 2195 1187 2231 Les
1209 2195 1373 2231 Grandes
1395 2196 1617 2240 Chroniques
1639 2196 1679 2240 (t.
1696 2193 1746 2240 V,

342 2262 379 2298 p.
397 2251 476 2296 372)
498 2258 564 2288 ont
585 2253 679 2289 e'crit
703 2268 718 2288 «
741 2255 774 2290 16
797 2259 921 2291 comte
946 2268 960 2288 »
982 2260 1065 2291 tout
1087 2260 1210 2300 court,
1232 2254 1379 2290 evitant
1400 2253 1498 2289 ainsi
1518 2264 1596 2290 une
1615 2263 1748 2290 erreur

345 2311 547 2357 grossiere.

392 2369 425 2405 2.
448 2370 479 2405 Il
493 2370 615 2416 parait
629 2382 701 2417 que
717 2371 796 2408 l'un
810 2372 875 2408 des
891 2372 1074 2409 echevins
1090 2372 1134 2409 de
1149 2371 1274 2418 Gaml,
1290 2372 1456 2419 Jacques
1472 2372 1621 2417 Masch,
1634 2371 1748 2418 partit

345 2438 439 2475 pour
468 2429 501 2463 la.
528 2429 715 2466 Hollande
742 2436 779 2466 et
805 2442 853 2467 en
884 2437 1062 2479 rapporta
1092 2431 1147 2468 les
1177 2431 1299 2467 laines
1325 2430 1590 2478 d'Angleterre
1629 2429 1747 2476 (Ker-

346 2497 424 2534 vyn
443 2486 489 2523 de
509 2488 762 2534 Lettenhove,
785 2492 941 2526 Histoire
960 2494 1001 2527 dc
1022 2491 1192 2533 Ftandre,
1217 2497 1244 2526 t.
1267 2490 1339 2537 ΙΙΙ,
1362 2502 1398 2538 p.
1422 2490 1515 2536 190).

395 2546 427 2581 3.
451 2546 501 2581 Le
532 2546 575 2582 22
603 2547 727 2593 juillet
759 2548 860 2594 1338,
889 2540 1066 2586 Edouard
1094 2549 1151 2585 ΙΙΙ
1177 2549 1335 2585 interdit
1361 2549 1383 2585 ἐι
1410 2549 1677 2596 l’archevequc
1703 2546 1748 2584 de

348 2605 603 2653 Canterbury,
620 2607 760 2654 charge
776 2607 819 2643 de
837 2610 1018 2645 conduire
1033 2621 1082 2646 en
1098 2621 1168 2645 son
1183 2620 1274 2646 nom
1296 2610 1350 2645 les
1371 2608 1635 2655 negociations
1655 2617 1748 2644 avec

350 2664 386 2699 la
401 2664 562 2712 France,
584 2665 629 2702 de
652 2667 893 2703 reconnaitre
915 2670 936 2703 ξι
960 2668 1132 2715 Philippe
1147 2668 1203 2704 VI
1225 2669 1258 2704 16
1279 2669 1368 2704 titre.
1389 2667 1434 2704 de
1457 2668 1512 2704 roi
1533 2667 1577 2703 de
1598 2667 1747 2703 France

354 2722 526 2770 fflymer,
549 2724 637 2761 edit.
660 2725 705 2761 (le
731 2726 831 2772 1821,
852 2733 877 2762 t.
903 2727 953 2772 ΙΙ,
976 2728 1013 2763 ‘20
1033 2728 1168 2774 partie,
1190 2740 1224 2774 p.
1251 2728 1335 2764 1051
1361 2734 1397 2764 et
1421 2727 1534 2772 1066).
