1923 3358
359 261 402 296 58
632 258 1001 292 CHRONOGRAPHIA
1027 256 1180 289 REGUM
1204 256 1482 289 FRANCORUM.
1653 253 1758 300 [1339

356 357 523 406 genses
546 338 917 393 introducerent3
941 335 1023 382 sed
1043 335 1233 398 quidam
1259 335 1394 383 amici
1419 335 1617 393 comitis,
1641 352 1761 400 quos

355 418 529 465 ibidem
569 414 791 470 habebat,
831 412 1158 459 revelaverunt
1200 412 1243 459 ei
1280 418 1530 475 antequam
1569 412 1762 460 deberet

357 495 531 542 intrare
557 489 774 539 lectum⁴.
805 492 970 538 Comes
1001 505 1114 552 ergo
1146 488 1272 536 misit
1303 489 1402 537 sine
1428 505 1560 536 mora
1584 489 1643 536 ad
1670 489 1763 536 sin-

356 571 462 635 gula
488 567 710 631 hospicia,
739 573 788 614 ut
813 582 976 613 omnes
1003 582 1052 612 se
1078 570 1328 621 armarent,
1358 581 1443 612 nec
1469 581 1518 612 se
1543 565 1764 613 festinare

356 652 536 694 tantum
561 643 731 708 potuit,
758 643 869 707 quin
897 648 1082 706 portam
1107 647 1270 688 contra
1295 657 1401 688 eum
1428 641 1631 689 clausam
1656 657 1765 704 rep-

356 723 582 787 perisset·
606 727 652 769 et
671 726 782 769 tunc
800 720 1014 768 exierunt
1034 719 1245 766 homines
1265 718 1448 765 comitis
1469 724 1515 766 et
1534 724 1766 781 ruperunt

356 799 587 864 flagellum
608 798 666 845 de
687 803 824 861 porta
843 813 949 845 cum
971 796 1210 843 violencia.
1232 795 1299 842 Illi
1322 811 1433 841 vero
1451 795 1530 858 qui
1551 795 1766 858 superius

356 882 504 933 erant,
530 875 818 939 proiciebant
840 873 1018 938 lapides
1043 873 1235 920 inferius
1254 878 1300 919 et
1319 871 1502 919 fortiter
1523 888 1571 919 se
1592 872 1767 919 deffen-

358 953 542 1000 derunt.
568 951 773 999 Tandem
794 950 916 998 enim
938 957 1075 1013 porta
1094 955 1273 1013 aperta,
1295 965 1453 996 comes
1473 964 1581 995 cum
1599 964 1768 1012 magna

357 1035 490 1094 parte
518 1044 710 1076 suorum
735 1028 965 1075 exierunt.
994 1029 1082 1074 Per
1108 1026 1244 1072 aliam
1269 1042 1385 1072 vero
1412 1030 1601 1088 portam
1625 1024 1769 1071 intra-

357 1110 528 1153 verunt
560 1109 845 1169 Brugenses,
883 1109 930 1151 et
965 1119 1128 1150 omnes
1164 1118 1283 1166 quos
1324 1102 1382 1149 de
1419 1107 1552 1165 parte
1587 1101 1769 1149 comitis

357 1182 654 1246 reperiebant
697 1181 852 1246 gladio
896 1180 1150 1235 cedebant;
1193 1178 1315 1242 capti
1362 1184 1469 1225 sunt
1510 1184 1665 1225 autem
1706 1178 1770 1226 ibi

359 1259 576 1307 dominus
609 1259 816 1306 Matheus
852 1258 910 1305 de
944 1261 1092 1305 Bours
1127 1263 1172 1303 et
1205 1256 1423 1303 dominus
1458 1258 1771 1320 Ingerrannus

358 1336 567 1384 Havvelli.
607 1337 779 1383 Omnes
814 1341 967 1381 autem
1003 1333 1082 1396 qui
1116 1349 1223 1380 cum
1258 1332 1428 1380 comite
1465 1338 1621 1390 erant,
1662 1333 1771 1380 victi

360 1413 594 1476 fugerunt,
623 1417 752 1458 retro
778 1427 828 1458 se
853 1410 1169 1473 relinquentes
1194 1409 1413 1456 mulieres
1439 1414 1483 1456 et
1510 1425 1700 1472 pueros.

425 1490 590 1536 Comes
638 1505 752 1553 ergo
797 1487 962 1534 videns
1005 1486 1132 1550 quod
1179 1491 1332 1533 totum
1375 1486 1618 1543 amiserat,
1664 1501 1772 1534 cum

361 1565 654 1613 festinatione
686 1580 905 1612 reversus
937 1569 1008 1611 est
1038 1562 1097 1610 ad
1130 1565 1351 1610 Sanctum
1378 1561 1699 1610 Audomarum
1725 1568 1773 1611 et

361 1658 467 1689 cum
504 1659 559 1689 eo
595 1641 779 1689 circiter
814 1646 1001 1688 centum
1037 1640 1249 1687 homines
1284 1640 1574 1696 armorum2,
1613 1639 1771 1703 ibique

361 1717 473 1765 emit
496 1733 692 1780 pannos,
716 1716 936 1779 quoniam
958 1716 1095 1763 nichil
1117 1720 1458 1778 asportaverat,
1483 1714 1571 1762 nisi
1589 1720 1771 1764 tantum

360 1809 489 1840 arma
522 1810 602 1840 sua
636 1809 690 1839 ac
726 1792 964 1839 dimiserat
1002 1791 1203 1855 sigillum
1241 1806 1378 1837 suum
1411 1796 1458 1838 et
1491 1791 1644 1838 omnia
1680 1809 1771 1855 que

360 1869 576 1917 habebat.
606 1872 770 1917 Postea
796 1869 910 1916 abiit
933 1868 992 1916 ad
1021 1883 1182 1932 regem
1207 1867 1398 1915 Francie
1424 1873 1471 1915 et
1497 1869 1705 1916 narravit
1730 1869 1772 1916 ei

361 1946 515 1992 omnia
541 1962 632 2008 que
658 1944 922 1992 acciderant
953 1962 962 1991 t
994 1944 1122 2007 quod
1152 1959 1259 1992 cum
1292 1960 1377 1991 rex
1402 1944 1624 2001 audisset,
1654 1945 1773 1993 mul-

360 2028 460 2070 tum
487 2022 787 2086 perturbatus
813 2027 900 2069 est.

427 2103 484 2147 Et
504 2098 702 2147 Jacobus
732 2098 790 2145 de
820 2098 1053 2146 Artevella
1085 2113 1191 2145 cum
1224 2096 1374 2144 tribus
1400 2097 1519 2145 villis
1545 2098 1774 2146 miserunt

363 2175 534 2223 multos
559 2174 770 2222 homines
795 2190 1035 2222 armorum
1055 2173 1100 2220 in
1122 2178 1279 2236 partes
1303 2178 1539 2220 extremas
1557 2173 1772 2222 Flandrie

363 2268 416 2299 ac
441 2251 653 2298 comburi
679 2251 890 2299 fecerunt
915 2267 1078 2298 omnes
1104 2250 1274 2298 domus
1301 2250 1388 2297 sibi
1414 2250 1770 2299 adversancium

365 2328 444 2391 qui
483 2344 589 2375 cum
625 2328 791 2375 comite
828 2334 977 2375 erant.
1015 2330 1113 2375 Rex
1151 2332 1307 2374 autem
1344 2327 1533 2375 Francie
1572 2327 1771 2375 multum

366 2404 652 2452 irascebatur
685 2410 844 2451 contra
880 2403 1160 2468 Flamingos,
1196 2404 1275 2467 qui
1310 2404 1505 2468 subjecti
1539 2404 1637 2468 ejus
1669 2420 1771 2452 esse

419 2552 447 2586 1.
474 2550 514 2586 1⁶2
536 2549 679 2586 fevrier
702 2549 790 2585 1339
814 2551 864 2590 (n.
889 2550 965 2595 st.).

415 2609 449 2644 ⁶2.
473 2607 575 2642 C'est
596 2606 858 2643 evidemmcnt
878 2609 899 2643 a
922 2614 996 2644 tort
1017 2609 1157 2655 qu’une
1178 2607 1245 2644 des
1262 2607 1480 2644 redactions
1494 2607 1559 2644 des
1573 2609 1773 2644 Anciennes

372 2669 586 2711 chroniqucs
607 2668 647 2701 dc
674 2667 827 2701 Flandre
851 2669 972 2709 (Istore
993 2672 1023 2702 ct
1047 2670 1236 2712 croniques
1255 2668 1296 2702 dc
1318 2668 1503 2708 flandros,
1527 2672 1555 2702 t.
1576 2667 1608 2710 I,
1629 2677 1664 2713 p.
1689 2667 1772 2708 370,

374 2728 473 2769 note)
498 2726 600 2773 parle
622 2725 734 2761 d'une
755 2731 904 2761 escortc
926 2725 959 2760 d*
975 2740 990 2758 «
1009 2726 1170 2761 environ
1191 2737 1229 2761 vc
1250 2726 1438 2761 hommes.
1463 2738 1478 2758 ι)
