1923 3358
427 279 796 312 CHRONOGRAPHIA
821 279 974 312 REGUM
999 279 1277 312 FRANCORUM.
1481 277 1548 314 379

150 357 331 414 habuit,
376 357 578 421 quedam
612 374 835 405 conversa
870 358 929 406 de
964 375 1020 405 eo
1054 358 1390 421 pronosticavit
1420 359 1547 422 quod

150 434 250 499 ipse
276 441 398 482 esset
424 435 658 482 valencior
680 435 811 482 miles
830 435 1010 482 mundi.

214 514 329 560 Cum
355 529 468 560 vero
500 528 670 559 novem
702 528 849 559 annos
879 512 1047 576 attigit,
1087 513 1402 577 congregabat
1431 513 1550 561 mul-

149 594 223 636 tos
250 605 422 652 pueros
450 605 530 636 sue
551 588 686 635 etatis
705 589 778 635 vel
804 588 988 635 circiter
1013 594 1059 635 et
1085 589 1331 637 ordinabat
1355 590 1548 637 modum

150 670 581 712 torneamentorum
601 669 646 711 et
672 664 893 721 acierum,
916 664 995 712 ubi
1021 665 1187 712 crebro
1208 671 1308 712 erat
1328 665 1550 713 dilacera-

148 748 223 788 tus
243 748 289 788 et
308 741 430 788 lesus
448 745 495 787 et
515 740 854 788 nichillominus
875 757 1062 804 semper
1082 741 1282 789 habebat
1302 742 1544 790 honorem.

147 819 320 866 Deinde
356 818 557 866 ducebat
591 835 754 865 omnes
790 835 898 866 suos
938 819 1221 866 contribules
1257 820 1549 883 supradictos

146 901 193 941 et
212 895 387 958 optime
414 894 648 958 pandebat
667 895 725 942 de
745 895 878 942 bonis
902 896 1064 959 prefati
1091 895 1238 959 patris
1261 896 1354 952 sui;
1384 901 1429 942 et
1449 902 1550 943 tan-

146 977 246 1018 tum
278 972 367 1018 hoc
392 971 500 1018 fecit
526 971 653 1034 quod
683 977 848 1035 quater
876 971 962 1019 fuit
991 972 1037 1019 in
1072 988 1308 1020 carcerem
1339 978 1549 1020 retrusus

146 1047 281 1112 hujus
314 1064 468 1096 causa.
501 1052 604 1111 Ipse
629 1048 831 1111 quadam
865 1049 965 1096 vice
996 1048 1186 1096 abstulit
1210 1049 1362 1097 claves
1389 1050 1549 1097 ancille

147 1124 256 1171 dicti
291 1125 438 1188 patris
474 1125 544 1172 sui
578 1131 624 1171 et
661 1125 884 1173 inseravit
918 1142 1020 1172 eam
1054 1125 1101 1172 in
1142 1126 1243 1172 loco
1285 1126 1408 1174 unde
1448 1127 1549 1190 ipsa

146 1201 274 1248 exire
298 1218 389 1253 non
418 1207 619 1265 poterat.
643 1202 947 1250 Postmodum
968 1203 1145 1266 accepit
1163 1219 1304 1250 unam
1325 1203 1384 1250 de
1409 1220 1550 1266 equa-

145 1278 233 1325 bus
259 1279 406 1341 patris
428 1278 498 1325 sui
519 1284 565 1325 et
588 1278 721 1326 duxit
747 1295 849 1326 eam
875 1279 1080 1327 Redonis
1105 1280 1150 1326 in
1177 1279 1369 1327 domum
1396 1281 1549 1343 patrui

145 1355 232 1412 sui,
268 1355 347 1402 ubi
380 1355 480 1418 ipse
514 1371 600 1418 per
634 1372 807 1402 annum
841 1356 1038 1412 mansit3
1076 1356 1265 1419 ibatque
1295 1357 1355 1405 ad
1387 1373 1550 1405 omnes

145 1432 287 1479 festos
323 1438 369 1479 et
407 1432 469 1479 ibi
513 1432 813 1496 presentabat
849 1432 1010 1480 vinum
1047 1439 1093 1479 et
1131 1433 1276 1496 dapes
1317 1433 1375 1480 de
1416 1432 1549 1480 bonis

143 1510 292 1573 patris
319 1511 406 1557 sui.

209 1586 278 1633 Ad
309 1593 480 1634 etatem
511 1603 625 1634 vero
654 1586 788 1650 xiijcim
817 1603 1047 1634 annorum
1072 1586 1218 1635 voluit
1245 1586 1546 1634 hastiludiare

143 1669 189 1710 et
211 1663 497 1727 pauperibus
520 1663 661 1711 dabat
679 1663 958 1710 vestimenta
983 1680 1082 1710 sua.
1108 1665 1223 1711 Cum
1244 1668 1399 1710 autem
1425 1669 1550 1711 esset

142 1739 277 1787 etatis
308 1739 440 1804 xvjcim
471 1756 702 1787 annorum
723 1739 780 1786 ad
807 1739 1094 1797 hastiludias,
1119 1756 1208 1803 que
1235 1745 1346 1786 tunc
1369 1740 1546 1787 fiebant

142 1814 368 1871 Redonis,
411 1815 511 1878 ipse
547 1815 659 1862 abiit
694 1831 837 1878 super
874 1831 1017 1862 unum
1056 1832 1312 1878 pauperem
1355 1831 1544 1877 equum,

143 1891 466 1954 mutuavitque
492 1909 516 1938 a
543 1892 748 1955 quodam
781 1908 866 1939 suo
902 1898 1099 1955 cognato
1126 1908 1298 1954 equum
1328 1898 1373 1938 et
1398 1907 1549 1938 arma-

142 1975 288 2024 turas,
330 1974 519 2030 tamque
558 1968 741 2015 fortiter
781 1968 1095 2015 hastiludiavit
1132 1968 1259 2031 quod
1296 1968 1547 2031 quemdam

141 2045 333 2092 militem
361 2051 407 2092 et
431 2061 605 2108 equum
630 2061 766 2092 suum
793 2045 838 2091 in
865 2050 1040 2092 terram
1066 2045 1259 2110 dejecit3
1289 2051 1423 2109 pater
1448 2045 1547 2110 ejus

142 2121 288 2168 voluit
327 2121 626 2169 hastiludiare
665 2128 828 2168 contra
872 2138 979 2169 eum
1024 2140 1032 2168 ε
1078 2121 1364 2170 Bertrandus
1404 2122 1546 2170 ictum

141 2214 277 2245 suum
297 2198 463 2245 cadere
484 2197 655 2245 dimisit
676 2205 722 2245 et
742 2203 904 2245 contra
925 2198 1176 2261 quemdam
1195 2199 1335 2246 alium
1356 2199 1546 2247 hastilu-

141 2275 286 2322 diavit
310 2275 371 2321 ita
402 2274 528 2338 quod
555 2274 709 2338 ipsum
740 2291 846 2322 cum
872 2292 993 2337 equo
1019 2292 1102 2323 suo
1131 2275 1177 2322 in
1203 2281 1379 2323 terram
1409 2293 1546 2339 pros-

140 2352 304 2407 travit3
327 2357 601 2414 tantumque
622 2351 935 2399 hastiludiavit
955 2352 1081 2415 quod
1102 2352 1202 2416 ipse
1219 2353 1337 2402 xvcim
1363 2353 1544 2400 lanceas

141 2427 462 2474 strenuissime
497 2427 652 2491 fregit.
695 2428 980 2476 Bertrandus
1015 2429 1100 2476 fuit
1134 2429 1464 2477 discassidatus
1499 2435 1545 2476 et

141 2503 544 2559 forhastiludiavit,
572 2509 816 2566 totumque
841 2504 1069 2552 honorem
1094 2505 1270 2553 habuit.

205 2579 409 2626 Tandem
435 2585 542 2642 post
559 2586 759 2626 mortem
780 2580 911 2628 ducis
932 2581 1165 2629 Britannie
1186 2582 1265 2645 qui
1286 2588 1396 2629 tunc
1422 2590 1538 2639 erat,

141 2656 362 2703 debatum
390 2656 473 2703 fuit
498 2662 544 2703 et
569 2657 890 2705 controversia
917 2657 1038 2705 inter
1064 2659 1287 2706 Karolum
1313 2658 1370 2706 de
1397 2659 1542 2707 Blesis

141 2738 187 2780 et
224 2732 443 2780 comitem
481 2732 784 2781 Montisfortis
818 2734 1051 2782 Almarici.
1091 2738 1147 2783 Et
1187 2735 1294 2798 quia
1335 2735 1542 2799 prefatus
