1923 3358
125 279 344 325 1356-1357]
398 281 772 315 CHRONOGRAPHIA
799 282 952 314 REGUM
976 280 1257 313 FRANCORUM.
1460 275 1527 311 263

123 378 265 426 quem
299 361 580 425 apellaverat
612 377 700 424 pro
729 377 842 408 nece
878 359 1023 423 patris
1057 359 1126 406 sui
1152 357 1284 406 ducis
1307 356 1525 413 Dirachii,

122 455 263 502 quem
284 438 411 485 idem
436 454 521 484 rex
547 437 764 484 decollari
792 436 982 483 fecerat.

185 515 315 580 Capti
340 521 447 562 sunt
464 515 608 562 eciam
630 530 716 560 rex
732 513 981 567 Johannes,
1008 512 1264 575 Philippus,
1287 511 1408 558 filius
1430 510 1529 574 ejus

112 593 288 657 junior,
312 591 514 640 Jacohus
534 590 592 637 de
619 589 872 644 Borbonio‚
897 605 1055 635 comes
1075 587 1274 644 Pontivi,
1298 587 1530 636 Johannes

118 670 178 717 de
218 669 458 724 Arthesio,
494 683 652 713 comes
693 666 811 729 Augi
827 703 838 721 ,
883 665 1078 711 comites
1115 664 1524 727 Dompnimartini‚

120 743 449 798 Salesbruche,
495 740 777 805 Joigniachi,
821 741 1046 788 Henricus
1088 739 1146 786 de
1174 743 1343 796 Barro,
1382 756 1530 804 gener

118 822 243 886 regis
265 828 312 868 et
331 821 489 883 plures
513 819 586 866 alii
606 819 791 865 milites.
815 821 907 864 Nec
924 823 1079 864 tamen
1101 821 1384 865 Francorum
1403 824 1530 865 tanta

119 897 271 945 extitit
291 896 460 943 occisio
475 901 647 958 quanta
666 894 922 942 confutatio
942 912 950 940 :
972 910 1064 941 non
1085 893 1210 940 enim
1230 894 1402 941 mortui
1423 900 1531 941 sunt

117 975 223 1038 plus
249 989 392 1036 quam
412 971 664 1036 octingenti
692 970 921 1018 homines.
939 969 1118 1017 Accidit
1143 975 1301 1017 autem
1320 970 1408 1017 hoc
1435 970 1531 1016 bel-

117 1050 214 1097 lum
235 1049 282 1095 in
308 1064 469 1095 mense
491 1047 773 1111 septembris
790 1046 899 1093 anni
917 1045 1190 1109 supradicti.
1220 1048 1312 1092 Nec
1335 1045 1530 1093 dubium

116 1131 188 1174 est
213 1125 431 1173 ultimum
456 1125 587 1172 illum
613 1124 739 1172 diem
758 1123 948 1171 Francie
968 1128 1117 1170 status
1138 1123 1347 1170 futurum
1367 1122 1526 1179 fuisse,

116 1203 153 1250 si
202 1202 423 1265 princeps
465 1217 577 1248 mox
617 1206 725 1263 post
774 1199 1020 1246 victoriam
1065 1198 1123 1245 ad
1175 1198 1531 1261 pervadendum

116 1295 339 1343 regnum,
385 1277 552 1325 urbem
595 1276 797 1324 Parisius
840 1282 886 1323 et
926 1282 1105 1323 ceteras
1149 1275 1290 1323 urbes
1336 1275 1530 1322 Francie

116 1355 431 1403 intendisset¹.
456 1357 564 1401 Post
585 1353 697 1401 illud
722 1353 911 1410 bellum,
935 1369 1018 1399 rex
1041 1352 1273 1400 ,Iohannes
1291 1357 1335 1399 et
1361 1351 1531 1414 Philip-

117 1448 222 1495 pus,
252 1431 375 1478 filius
392 1430 491 1494 ejus
509 1430 667 1494 junior
693 1434 740 1476 et
760 1429 834 1476 alii
858 1429 1122 1492 prisionarii
1143 1427 1269 1475 ducti
1287 1433 1397 1475 sunt
1415 1431 1532 1475 Bur-

120 1507 351 1572 degalam.

182 1584 380 1632 Karolus
400 1590 574 1641 autem,
593 1583 689 1631 dux
709 1583 1006 1639 Normannie,
1030 1583 1190 1630 abiens
1211 1581 1428 1639 Parisius‚
1447 1582 1532 1630 ibi-

117 1664 226 1711 dem
250 1662 397 1709 factus
422 1668 492 1708 est
517 1678 687 1726 regens
707 1661 916 1708 Francie.
943 1660 1119 1708 Deinde
1145 1659 1258 1707 abiit
1283 1659 1412 1707 Metis
1429 1661 1446 1687 2
1473 1659 1531 1706 ad

114 1739 370 1787 videndum
395 1739 619 1786 Karolum
640 1739 994 1802 imperatorem,
1017 1737 1301 1784 avunculum
1324 1752 1459 1784 suum
1486 1742 1533 1783 et

115 1817 318 1881 quesivit
342 1815 400 1862 ab
435 1833 491 1863 eo
528 1815 773 1863 consilium
809 1821 855 1862 et
883 1815 1105 1878 juvamen
1138 1814 1195 1861 ad
1238 1813 1530 1861 liberandum

117 1899 303 1958 patrem
323 1910 460 1941 suum
481 1893 539 1941 de
563 1892 778 1940 manibus
797 1892 1124 1956 Anglicorumt,
1151 1907 1351 1953 cumque
1373 1906 1532 1937 rever-

115 1975 294 2018 teretur
336 1970 564 2026 Parisius,
616 1970 828 2033 repperit
868 1968 995 2031 quod
1031 1973 1218 2015 moneta
1254 1983 1395 2030 quam
1430 1966 1529 2013 fieri

111 2047 330 2111 jusserat,
362 2062 452 2093 non
491 2046 833 2109 exponebatur,
864 2044 947 2092 sed
975 2045 1166 2091 inhibita
1197 2043 1347 2091 fuerat
1373 2060 1398 2089 a
1426 2059 1532 2106 pre-

116 2124 270 2188 posito
303 2123 651 2170 merchatorum
683 2129 730 2170 et
762 2123 970 2170 Roberto
1002 2121 1132 2178 Galli,
1163 2120 1386 2184 episcopo
1415 2123 1531 2167 Lau-

118 2201 315 2249 dunensi
337 2200 526 2263 suisque
554 2199 774 2247 Federatis
789 2200 824 2246 3.

165 2347 198 2382 1.
223 2346 332 2382 Cette
355 2346 542 2382 reflexion
566 2357 613 2382 ne
636 2357 676 2382 se
697 2351 834 2382 trouve
855 2345 982 2392 qu’ici.

165 2406 200 2441 Q.
225 2405 391 2441 Suivant
411 2406 466 2441 les
488 2407 651 2442 Grandes
672 2406 899 2450 Chroniques
916 2406 954 2448 (t.
972 2402 1041 2448 VI,
1057 2414 1093 2450 p.
1110 2402 1183 2449 46),
1203 2402 1238 2438 le
1259 2403 1394 2449 regent
1414 2403 1531 2449 partit

116 2463 151 2499 le
174 2461 283 2499 lundi
304 2463 323 2498 5
345 2461 548 2499 decembre
573 2462 661 2499 1356
682 2467 720 2498 et
743 2462 858 2497 laissa
879 2471 1030 2497 comme
1052 2460 1265 2496 lieutenant
1285 2459 1307 2495 ἐι
1328 2460 1438 2495 Paris
1460 2471 1530 2496 son

117 2520 217 2556 frere
238 2520 272 2555 le
289 2526 414 2555 comte
431 2518 612 2566 d'Anjou.
630 2520 663 2555 Il
686 2519 813 2555 revint
828 2518 873 2553 de
889 2518 989 2554 Metz
1010 2518 1044 2553 le
1062 2518 1103 2553 14
1121 2517 1396 2564 janvier21357,
1419 2519 1529 2563 apres

117 2580 224 2616 avoir
240 2579 349 2626 signe
367 2590 461 2615 avec
480 2590 549 2614 son
561 2579 672 2615 oncle
690 2589 741 2614 un
760 2578 874 2613 traite
890 2576 1091 2613 d’alliance
1106 2577 1411 2614 leTSdecemhre
1427 2576 1526 2613 1356.

170 2639 203 2674 3.
228 2638 374 2674 Rohert
396 2638 429 2673 le
451 2637 530 2684 Coq
561 2648 601 2673 se
622 2637 692 2673 mit
716 2647 766 2672 en
786 2636 875 2673 ess‘et
902 2637 924 2671 εὶ
945 2637 981 2672 la
1001 2637 1077 2672 tete
1098 2636 1143 2672 de
1171 2635 1458 2672 l’insurre-ction
1480 2647 1527 2671 au

120 2696 236 2732 debut
263 2696 309 2732 de
336 2696 489 2732 l'annee
518 2696 622 2732 1357.
646 2695 749 2731 C’est
781 2696 859 2731 tres
887 2700 1132 2731 exactement
1163 2706 1206 2731 ce
1236 2705 1308 2741 que
1337 2694 1391 2730 dit
1418 2699 1528 2730 notre

122 2756 348 2803 chronique.
372 2756 452 2791 Elle
482 2755 601 2802 recoit
623 2766 699 2791 une
726 2754 906 2792 nouvelle
935 2754 1204 2791 confirmation
1229 2754 1275 2791 de
1297 2765 1338 2790 ce
1366 2753 1434 2789 fait
1455 2764 1526 2800 que
