1923 3358
122 278 341 325 1366-1369]
394 282 764 316 CHRONOGRAPHIA
791 285 945 317 REGUM
970 284 1250 318 FRANGORUM.
1459 283 1525 320 303

183 364 330 409 Porro
356 378 441 409 rex
459 363 584 426 Cipri
610 379 742 410 mora
770 363 974 411 duorum
1000 364 1184 412 dierum
1210 364 1386 412 ibidem
1411 381 1524 428 per-

118 445 237 495 acta,
260 439 426 486 videns
447 456 496 487 se
516 456 611 487 non
634 441 807 487 habere
826 446 1107 503 potestatem
1126 447 1172 488 et
1199 442 1528 490 sufficienciam

118 516 360 565 hominum
379 534 620 565 armorum
638 517 698 564 ad
718 518 992 581 ponendum
1009 519 1328 583 garnisionem
1348 519 1395 566 in
1415 520 1530 567 civi-

118 598 212 641 tate
237 594 367 641 etad
391 593 707 641 resistendum
740 594 934 641 soldano
966 595 1201 643 Babilonie
1233 596 1313 659 qui
1339 596 1436 661 jam
1472 597 1530 645 de

116 668 220 732 ipso
239 670 450 717 audierat
470 687 608 726 nova,
632 670 751 733 ipse,
775 670 986 733 inquam,
1007 687 1112 729 rex,
1133 687 1241 719 cum
1262 672 1358 720 suis
1375 673 1530 722 Chris-

117 745 270 802 tianis,
307 745 565 809 depredata
602 745 788 793 civitate
824 752 871 793 et
908 747 1172 806 combusta,
1208 765 1312 796 cum
1350 750 1530 815 magnis

116 822 264 885 preda
305 828 353 870 et
393 822 554 886 spoliis
591 838 722 871 mare
764 823 1028 887 ingressus,
1070 824 1115 872 in
1154 841 1291 873 suum
1332 843 1530 891 regnum

117 899 242 962 Cipri
268 900 515 947 remeavit.

184 975 359 1023 Deinde
385 982 495 1040 post
525 981 623 1024 tres
657 993 822 1033 annos,
852 977 1023 1025 iterum
1049 994 1156 1025 cum
1182 979 1385 1027 maxima
1411 981 1531 1028 mul-

115 1051 313 1099 titudine
336 1052 536 1099 militum
559 1068 685 1099 mare
703 1052 961 1117 ingressus,
983 1054 1151 1101 Siriam
1172 1054 1334 1113 adivit,
1359 1056 1532 1119 ipsam-

116 1145 207 1192 que
229 1129 472 1186 invadens,
498 1129 543 1175 vi
560 1145 803 1176 armorum
829 1146 972 1193 super
997 1132 1278 1179 Sarracenos
1304 1148 1398 1179 non
1423 1133 1530 1180 abs-

116 1222 208 1269 que
228 1206 433 1254 maxima
454 1222 621 1254 eorum
644 1206 883 1270 sanguinis
901 1206 1116 1270 impensa
1138 1207 1262 1271 cepit
1286 1208 1527 1272 Tripolim,

116 1285 361 1331 Tortosam
399 1290 444 1332 et
484 1284 796 1339 Laodiciam¹‚
843 1283 1054 1331 civitates
1091 1285 1372 1342 maritimas,
1413 1301 1530 1348 quas

117 1359 459 1408 habitatoribus
494 1377 725 1410 evacuans
760 1366 807 1407 et
839 1361 1059 1408 omnibus
1094 1361 1530 1425 concupiscibilibus

116 1437 175 1484 ab
204 1438 272 1485 eis
298 1437 481 1495 ablatis,
511 1438 713 1485 flammis
746 1438 987 1486 succendit
1017 1444 1064 1485 et
1089 1438 1155 1486 sic
1181 1455 1288 1487 cum
1313 1439 1530 1486 maximis

115 1514 346 1563 thesauris
371 1522 417 1562 et
443 1515 604 1579 spoliis
636 1515 762 1563 idem
793 1531 878 1562 rex
912 1520 958 1562 et
993 1515 1064 1563 sui
1099 1531 1228 1563 mare
1261 1521 1530 1580 repetentes

117 1607 348 1656 prospere
373 1592 433 1640 ad
457 1592 653 1656 propria
678 1598 786 1640 sunt
811 1592 1010 1640 reversi.

179 1671 346 1716 Postea
371 1669 497 1716 idem
521 1686 605 1716 rex
635 1685 805 1733 regens
830 1685 1031 1734 regnum
1057 1686 1194 1717 suum
1225 1685 1333 1717 cum
1361 1686 1530 1735 magna

114 1761 230 1808 pace
262 1752 309 1792 et
339 1745 653 1809 prosperitate
687 1745 867 1793 libidini
899 1762 1095 1809 operam
1121 1745 1250 1793 dedit
1275 1746 1413 1794 nimis
1439 1746 1530 1794 las-

115 1822 215 1869 cive
240 1837 291 1869 se
316 1821 550 1879 habendo,
580 1822 781 1885 fecitque
813 1822 983 1870 multas
1008 1822 1201 1887 injurias
1227 1828 1273 1870 et
1304 1824 1530 1870 extortio-

117 1915 197 1946 nes
217 1900 393 1963 populo
411 1901 548 1957 suo²3
569 1906 860 1964 quapropter
878 1900 1059 1947 occisus
1081 1906 1151 1948 est
1170 1900 1376 1964 quodam
1393 1917 1529 1948 mane

114 1976 160 2023 in
186 1976 306 2023 lecto
332 1992 417 2023 suo
448 1977 495 2023 in
522 1976 856 2034 Nichosiensiss,
887 1977 1003 2024 urbe
1031 1993 1130 2035 sua,
1160 1995 1186 2023 a
1219 1978 1404 2025 duobus
1438 1978 1529 2025 fra-

114 2053 264 2100 tribus
282 2053 395 2110 suis,
414 2069 617 2117 quorum
635 2070 755 2100 unus
773 2053 1031 2100 vocabatur
1047 2054 1268 2117 princeps
1285 2054 1529 2102 Antiochie

114 2193 150 2229 p.
173 2183 238 2219 241
261 2188 299 2219 et
319 2182 419 2230 280),
442 2182 574 2219 Pierre
604 2182 650 2218 de
680 2182 881 2230 Lusignan
909 2182 1152 2230 s’embarqua
1172 2183 1194 2218 a
1215 2183 1358 2220 Venise
1380 2195 1467 2220 vers
1494 2184 1531 2220 la

114 2242 168 2278 fin
188 2241 233 2278 de
248 2241 353 2289 juiu3
371 2243 482 2289 apres
504 2252 579 2278 une
601 2242 729 2278 escale
751 2241 797 2278 de
818 2241 920 2279 deux
939 2242 1038 2278 mois
1059 2241 1081 2277 a
1102 2241 1274 2289 Rhodes,
1291 2242 1377 2279 d’ou
1399 2242 1426 2279 il
1445 2254 1529 2290 par-

114 2301 160 2337 tit
186 2301 221 2337 le
242 2302 285 2338 18
307 2301 537 2348 septembre,
559 2300 586 2336 il
613 2301 808 2348 debarqua
839 2301 981 2338 devant
1008 2299 1248 2337 Alexandrie
1275 2301 1310 2338 le
1331 2302 1351 2338 9
1373 2302 1529 2339 octobre

116 2360 207 2396 1365
227 2366 265 2396 et
287 2360 367 2396 s'en
387 2371 545 2407 empara
564 2360 600 2396 le
621 2359 858 2396 lendemain.

166 2421 198 2456 1.
220 2420 379 2466 Tripoli,
401 2420 562 2456 Tortose
584 2425 621 2455 et
643 2419 831 2456 Laodicee
852 2420 982 2455 furent
1002 2419 1081 2466 pris
1102 2431 1151 2456 en
1173 2419 1279 2456 1366.

162 2479 196 2515 2.
221 2478 295 2514 Sur
313 2479 369 2514 les
390 2485 493 2514 actes
515 2479 580 2525 qui
601 2480 829 2514 amenerent
852 2479 1091 2514 l’assassinat
1120 2478 1165 2515 de
1194 2478 1327 2515 Pierre
1349 2478 1394 2515 de
1417 2479 1528 2515 Lusi-

117 2549 235 2586 gnan,
256 2548 307 2574 on
327 2543 417 2584 peut
440 2537 508 2573 lire
530 2541 568 2574 la
587 2540 688 2573 Prise
708 2537 968 2574 &Alexandria
987 2537 1033 2574 de
1047 2537 1271 2574 Guillaume
1285 2537 1331 2574 de
1345 2538 1526 2574 Machaut

117 2596 190 2643 (ed.
212 2596 256 2631 L.
285 2595 331 2631 de
358 2595 441 2631 Mas
468 2595 613 2641 Lame,
644 2606 741 2642 pour
761 2596 798 2632 la
819 2596 972 2633 Societe'
1002 2595 1048 2633 de
1077 2595 1242 2634 l’Orient
1268 2596 1379 2643 latin,
1401 2608 1436 2643 p.
1459 2597 1527 2633 258

116 2656 139 2692 a
159 2655 256 2698 262).

166 2715 199 2752 3.
222 2716 275 2751 Le
296 2715 338 2751 17
356 2714 509 2762 Janvier
530 2714 635 2760 1369,
657 2719 768 2751 entre
789 2714 849 2750 six
869 2719 907 2751 et
928 2720 1010 2762 sept
1030 2715 1170 2752 heures
1192 2715 1241 2751 du
1262 2715 1386 2751 matin
1409 2715 1463 2762 (L.
1481 2715 1527 2752 de

119 2774 202 2809 Mas
223 2774 364 2820 Latrie,
389 2775 546 2809 Histoire
566 2775 607 2808 de
629 2773 701 2809 mae
721 2775 763 2809 de
786 2774 938 2818 Ghypre,
962 2779 990 2810 t.
1014 2773 1063 2821 ΙΙ,
1085 2785 1121 2821 p.
1146 2773 1212 2810 344
1235 2779 1274 2809 et
1297 2774 1392 2819 345).
