1923 3358
102 297 206 343 1341]
378 299 748 332 CHRONOGRAPHIA
774 299 926 332 REGUM
952 299 1229 332 FRANCORUM.
1436 297 1500 334 193

99 380 191 427 citu
212 378 324 427 abiit
337 385 384 427 et
402 379 586 427 obsedit
607 379 840 426 civitatem
859 381 1198 426 Nannetensem
1217 378 1264 425 in
1284 395 1374 441 qua
1402 386 1501 427 erat

98 473 255 504 comes
266 456 584 504 Montisfortis1
598 493 606 503 .
624 457 705 514 Qui
721 456 884 503 videns
899 472 946 502 se
959 455 1242 513 obsessum&
1258 455 1502 519 requisivit

96 534 319 582 auxilium
339 552 365 582 a
388 533 699 598 burgensibus
725 533 923 580 civitatis
947 549 956 577 :
980 532 1058 595 qui
1083 532 1170 580 hoc
1186 533 1440 581 refutantes
1460 533 1502 579 ei

96 611 314 658 dixerunt
339 611 465 674 quod
492 626 597 657 cum
625 609 713 656 sibi
740 609 947 656 fecerunt
971 609 1258 673 homagium,
1285 610 1503 658 dixerunt

95 688 222 751 quod
249 703 485 750 nunquam
510 686 713 733 facerent
738 701 956 749 guerram
980 691 1140 732 contra
1160 686 1381 734 Karolum
1400 688 1503 735 Ble-

95 773 302 822 sensem‚
347 764 460 812 dum
490 770 646 811 tamen
680 763 945 811 mitteretur
976 780 1002 811 a
1034 779 1145 828 rege
1179 764 1369 812 Francie
1401 770 1502 812 tan-

94 858 235 906 quam
261 841 496 889 dominus.

159 922 284 967 Tunc
309 935 467 966 comes
492 917 737 982 requisivit
763 918 829 965 eis
853 916 980 981 quod
1005 933 1092 981 per
1120 933 1265 965 unum
1293 934 1502 967 mensem

92 1012 142 1043 se
167 1000 380 1043 tenerent
411 995 470 1042 de
501 1000 634 1058 parte
667 1011 748 1042 sua
774 1000 821 1041 et
847 994 974 1057 quod
1001 993 1039 1040 si
1065 1010 1158 1042 non
1189 1000 1350 1057 posset
1377 994 1502 1042 obsi-

91 1072 281 1120 dionem
306 1073 459 1120 levare
485 1071 603 1119 infra
630 1071 849 1119 eumdem
876 1087 1102 1128 mensem,
1132 1071 1281 1119 exiret
1306 1071 1363 1119 de
1389 1071 1502 1119 civi-

89 1154 210 1206 tate;
238 1148 365 1212 quod
392 1153 723 1196 concesserunt
751 1148 842 1195 ei3.

154 1226 344 1273 Interim
370 1226 465 1274 dux
487 1225 771 1273 Athenarum
799 1230 846 1271 et
870 1224 1104 1272 Robertus
1127 1224 1373 1272 Bertrandi
1394 1241 1500 1272 cum

89 1302 356 1367 quingentis
386 1301 653 1350 hominibus
684 1317 924 1349 armorum
958 1301 1172 1348 exierunt
1203 1301 1261 1349 de
1293 1302 1500 1350 exercitu

89 1385 135 1427 et
169 1379 513 1427 assultaverunt
551 1385 755 1427 castrum
788 1378 926 1429 Vallis
961 1378 1198 1435 Garnerii3
1236 1379 1500 1428 Ferrandus

89 1461 263 1513 autem,
284 1455 501 1503 dominus
527 1456 736 1520 ejusdem
762 1455 867 1512 loci,
897 1455 1010 1502 exiit
1035 1461 1197 1503 contra
1223 1472 1304 1504 eos
1329 1456 1376 1503 in
1402 1455 1500 1504 bel-

88 1531 203 1589 lum,
233 1532 278 1579 in
306 1549 399 1595 quo
426 1532 559 1580 multi
588 1531 923 1589 occubuerunt,
953 1548 1134 1579 necnon
1160 1532 1414 1596 Sauvaqus
1439 1532 1498 1580 de

87 1609 287 1656 Antheni
317 1615 479 1672 captus
504 1608 616 1666 fuit3
646 1608 703 1656 de
737 1625 830 1671 quo
863 1608 958 1656 dux
984 1609 1270 1656 Athenarum
1303 1609 1499 1656 contris-

86 1691 210 1734 tatus
242 1692 314 1734 est
345 1687 498 1735 valde.
532 1686 653 1734 Misit
687 1703 801 1751 ergo
833 1685 892 1733 ad
928 1685 1094 1734 ducem
1128 1686 1408 1734 Normannie
1439 1686 1499 1734 ad

85 1762 353 1811 habendum
378 1763 601 1811 auxilium
626 1781 634 1809 :
661 1763 742 1826 qui
766 1762 892 1810 misit
913 1763 951 1810 ei
973 1778 1136 1827 regem
1161 1766 1367 1811 Navarre
1391 1779 1498 1811 cum

86 1840 210 1887 mille
236 1846 283 1888 et
309 1840 520 1888 ducentis
545 1839 707 1888 viris4.

88 1987 104 2007 (ι
122 1973 289 2010 vitorum
309 1974 349 2010 in
371 1985 510 2021 guerra
536 1974 756 2022 Britannia,
785 1975 826 2011 in
854 1975 1025 2011 stabilita
1045 1974 1090 2011 de
1118 1975 1427 2012 Chasteuceaulx
1449 1976 1496 2012 ab

89 2047 105 2066 «
122 2032 260 2068 ultima
269 2033 490 2069 novembris
500 2044 625 2069 cccxm
639 2044 761 2080 usque
771 2033 817 2068 ad
826 2032 1004 2069 ultimam
1014 2032 1146 2079 aprilis
1155 2038 1278 2079 post.»
1290 2034 1497 2077 (Journauoe

85 2092 135 2126 du
159 2092 283 2127 Tre‘sor
297 2092 338 2126 de
351 2093 517 2137 Philippa
537 2093 581 2127 VI
598 2093 639 2127 de
661 2092 791 2134 Vazois,
808 2091 829 2126 a
850 2091 886 2127 la.
906 2090 993 2127 date
1010 2090 1059 2127 du
1080 2091 1100 2128 8
1116 2090 1213 2127 avril
1232 2091 1338 2138 1349,
1354 2103 1393 2127 n.
1413 2096 1492 2134 st.).

134 2151 166 2185 1.
189 2150 241 2185 Le
263 2149 366 2197 siege
382 2149 427 2186 de
441 2150 592 2187 Nautes
607 2160 655 2186 ne
670 2155 737 2196 put
753 2149 852 2186 donc
869 2150 976 2186 avoir
997 2149 1073 2185 lieu
1095 2155 1212 2186 avant
1230 2149 1286 2185 les
1306 2150 1494 2196 premiers

82 2208 190 2255 jours
211 2208 256 2244 de
277 2209 503 2255 novembre,
525 2209 616 2256 quoi
637 2209 751 2256 qu’en
772 2208 853 2245 dise
874 2208 1081 2245 Froissart.

132 2267 164 2303 2.
189 2267 244 2303 La
265 2269 471 2313 chronique
491 2270 696 2304 normande
718 2270 766 2314 (p.
790 2269 860 2313 51),
885 2268 1129 2304 absoiument
1150 2273 1297 2305 muette
1318 2280 1384 2305 sur
1406 2274 1492 2305 tous

85 2327 141 2363 les
162 2328 414 2364 evenements
444 2328 475 2363 si
502 2328 663 2364 curieux
693 2328 758 2375 qui
786 2328 1008 2374 precedent,
1037 2327 1199 2374 reprend
1221 2328 1270 2365 ici
1292 2339 1361 2364 son
1384 2329 1493 2375 recit,

84 2386 280 2433 identique
301 2386 323 2421 a
343 2386 443 2423 celui
457 2386 524 2423 des
538 2386 742 2423 Anciennes
756 2388 974 2432 chroniques
995 2388 1035 2422 de
1056 2388 1214 2423 Flandre
1230 2387 1352 2434 (Istore
1373 2393 1404 2424 et
1418 2399 1492 2424 cro-

85 2447 212 2490 m'ques
232 2446 273 2479 cle
291 2446 480 2487 Flandres,
505 2450 530 2480 t.
552 2445 604 2490 Π,
625 2456 661 2491 p.
687 2445 735 2490 4).

133 2504 166 2540 3.
188 2503 243 2539 La
257 2504 464 2549 Chronique
478 2506 693 2547 normantia,
709 2503 806 2540 dans
820 2515 897 2539 une
909 2504 1099 2551 variante,
1115 2504 1242 2543 donne
1260 2519 1275 2540 <t
1292 2517 1341 2542 xv
1352 2506 1459 2554 jours
1473 2520 1489 2539 »

86 2572 135 2597 au
155 2561 232 2598 lieu
252 2561 341 2597 d'un
363 2562 461 2597 mois
483 2561 545 2608 (cf.
571 2564 681 2597 Istore
710 2565 742 2597 et
771 2564 962 2606 croniques
982 2563 1022 2597 de
1048 2564 1235 2607 Flandres,
1259 2570 1287 2600 t.
1309 2564 1362 2609 ΙΙ,
1383 2576 1419 2611 p.
1442 2564 1489 2609 4).

85 2620 144 2655 En
163 2625 247 2656 tout
269 2631 347 2666 cas,
370 2620 407 2656 la
428 2620 517 2657 ville
538 2631 585 2656 ne
609 2620 685 2656 tint
704 2631 773 2667 pas
789 2631 842 2655 un
858 2620 971 2667 mois,
986 2620 1165 2669 puisqu’il
1179 2628 1238 2659 est
1253 2623 1400 2659 certain
1420 2633 1493 2670 que

85 2677 119 2714 le
148 2678 189 2714 ‘21
218 2677 429 2714 novembre
457 2678 512 2714 les
540 2683 696 2725 troupes
725 2678 938 2726 francaises
957 2690 983 2726 y
1003 2679 1147 2716 etaient
1173 2681 1327 2717 entrees
1349 2680 1491 2726 (Frois-

87 2742 180 2783 sart,
202 2736 260 2773 ed.
283 2737 400 2782 Luce,
422 2742 449 2773 t.
473 2736 524 2783 ΙΙ,
547 2749 582 2784 p.
606 2749 693 2783 xm,
717 2742 806 2774 note
827 2737 875 2783 2).

133 2797 167 2833 4.
189 2797 235 2833 Je
260 2797 336 2833 n’ai
362 2808 412 2844 pu
445 2796 681 2833 determiner
708 2797 745 2833 la
771 2796 957 2834 situation
984 2797 1029 2835 de
1056 2798 1092 2834 la
1117 2798 1225 2845 place
1253 2798 1298 2835 de
1327 2798 1489 2846 Valgar-

228 2860 258 2891 ΙΙ
1304 2858 1346 2894 13
