1923 3358
394 269 461 307 322
664 270 1034 304 GHRONOGRAPHIA
1061 270 1213 302 REGUM
1239 269 1519 303 FRANGORUM.
1571 266 1793 314 [1364-1365

394 350 666 406 successit13
699 365 840 412 quam
869 348 1060 411 quidam
1091 348 1394 405 Venecianus,
1429 348 1551 396 filius
1580 350 1797 397 videlicet

392 427 567 476 domini
605 425 838 473 Frederici
873 424 1105 481 Cornerii,
1145 425 1190 472 in
1225 425 1574 473 matrimonium
1603 425 1795 482 duxit2;

390 509 436 551 et
462 504 567 567 quia
587 503 672 550 hec
698 502 797 549 sine
817 502 977 549 sobole
1002 501 1219 559 decessit,
1245 501 1481 549 hereditas
1501 501 1601 566 ejus
1625 501 1797 549 iterum

388 579 698 644 Engeleberto
719 578 931 642 predicto
950 585 1116 642 patruo
1136 595 1220 625 suo
1242 578 1459 633 obvenit3
1483 578 1563 642 qui
1589 595 1645 626 eo
1671 578 1798 641 quod

388 657 637 720 confligere
663 673 768 703 cum
794 655 955 703 Turcis
985 672 1078 702 non
1111 661 1305 703 noverat
1337 672 1422 703 nec
1446 655 1651 713 volebat,
1687 655 1799 703 civi-

388 740 505 781 tates
532 733 854 797 predictorum
879 732 1180 797 Argivorum,
1213 733 1483 781 Estivorum
1513 739 1560 780 et
1584 732 1798 797 Neapoli-

386 817 603 858 tanorum
631 810 677 857 in
702 810 927 857 Romania
953 826 1059 857 cum
1085 810 1182 858 suis
1207 810 1497 874 appendiciis
1521 827 1609 874 pro
1628 827 1796 875 magna

386 887 691 951 pecuniarum
716 903 899 935 summa
924 887 1195 935 Venecianis
1222 887 1539 936 hereditaliter
1563 887 1792 943 vendidit,

386 981 528 1028 quam
557 965 603 1011 in
632 967 850 1021 Rameru,
881 963 1037 1011 villam
1062 981 1195 1011 suam
1225 964 1544 1027 supradictam
1576 964 1623 1012 in
1653 980 1795 1028 quam

385 1042 541 1100 rediit,
572 1058 732 1090 secum
756 1041 1042 1105 deportavit.

448 1122 594 1167 Porro
613 1120 864 1173 Johannes,
895 1135 1054 1166 comes
1074 1118 1194 1166 Licie
1220 1118 1589 1182 suprascriptus,
1613 1118 1672 1166 ad
1694 1118 1796 1165 vin-

385 1196 637 1244 dicandum
663 1201 865 1243 mortem
896 1195 1088 1244 Walteri
1118 1195 1276 1243 fratris
1303 1195 1392 1252 sui,
1421 1195 1717 1260 congregatis
1748 1195 1796 1242 in

384 1273 593 1322 Plcardia
618 1273 676 1320 de
702 1272 863 1321 amicis
897 1272 993 1320 suis
1019 1272 1116 1319 fere
1143 1272 1355 1320 ducentis
1385 1272 1572 1330 lanceis,
1606 1272 1797 1320 intravit

383 1350 639 1397 Hanoniam
657 1355 703 1396 et
717 1349 831 1396 abiit
851 1349 909 1396 ad
931 1350 1165 1412 Hapram3
1184 1349 1261 1396 ubi
1284 1365 1371 1412 per
1389 1354 1487 1397 tres
1505 1348 1606 1397 dies
1624 1348 1792 1396 ducem

383 1426 626 1475 Albertum
664 1426 930 1489 expectavit
970 1425 1027 1472 ad
1066 1425 1395 1473 debellandum
1429 1442 1555 1474 eum.
1598 1425 1790 1481 Deinde,

382 1504 489 1551 villa
527 1503 772 1551 combusta
810 1509 856 1549 et
896 1502 1152 1566 depredata
1168 1541 1178 1557 ,
1220 1503 1326 1567 igne
1343 1541 1353 1559 ,
1392 1502 1505 1550 cede
1545 1507 1592 1549 et
1636 1501 1795 1566 predis

383 1581 584 1645 patriam
604 1580 909 1636 devastando,
931 1580 1042 1626 abiit
1058 1579 1117 1627 ad
1137 1579 1364 1645 Enghien,
1388 1579 1436 1627 in
1453 1579 1585 1643 cujus
1604 1578 1794 1627 castello

384 1657 482 1720 ipse
518 1663 565 1704 et
602 1657 681 1720 qui
714 1674 821 1704 cum
854 1673 910 1704 eo
948 1662 1081 1704 erant
1111 1657 1247 1704 locati
1279 1657 1432 1704 sunt&
1467 1660 1571 1704 Dux
1606 1672 1794 1719 quoque

382 1733 599 1780 Albertus
624 1749 731 1781 cum
756 1732 989 1780 nobilibus
1015 1739 1062 1780 et
1092 1732 1420 1780 communibus
1445 1732 1654 1780 Hanonie
1680 1731 1794 1779 abiit

383 1815 488 1856 ante
533 1810 644 1856 illud
689 1810 930 1857 castellum
968 1815 1015 1857 et
1057 1809 1188 1871 quasi
1224 1825 1331 1856 cum
1367 1818 1425 1856 [μ
1461 1808 1575 1856 viris
1607 1808 1794 1856 obsedit

382 1886 536 1934 illud5.
567 1890 821 1949 Postquam
846 1902 960 1933 vero
986 1886 1171 1934 duravit
1197 1885 1380 1933 obsidio
1413 1901 1500 1949 per
1526 1891 1623 1933 tres
1648 1885 1792 1949 septi-

382 2054 504 2090 gneur
529 2043 574 2079 de
595 2043 632 2078 la
651 2042 783 2079 moitie
804 2042 1011 2079 d'Arcadia
1034 2043 1088 2088 (L.
1118 2043 1165 2079 de
1194 2043 1279 2080 Mas
1304 2043 1448 2089 Latrie,
1475 2044 1602 2080 Tresor
1621 2044 1664 2079 de
1684 2044 1790 2079 chro-

381 2105 535 2148 ηοίορίε,
560 2104 746 2138 ἀἸιίεῐοίνε
766 2107 797 2138 et
817 2104 858 2138 de
876 2104 1104 2148 qe'oyraphc'e‚
1128 2103 1201 2140 col.
1224 2103 1344 2149 2217).

429 2161 462 2197 1.
486 2161 621 2198 Bonne
642 2160 875 2208 d'Enghien.

428 2221 462 2256 2.
485 2220 537 2256 Ge
552 2220 611 2256 fils
626 2220 671 2257 de
687 2220 868 2256 Frederic
884 2219 1057 2257 Cornaro
1074 2220 1273 2268 s'appelait
1292 2220 1438 2257 Pierre.
1454 2220 1594 2257 Bonne
1612 2231 1652 2256 se
1669 2230 1790 2256 rema-

382 2278 438 2315 ria
459 2284 495 2315 et
517 2281 660 2326 epousa
680 2290 730 2316 en
751 2279 936 2316 secondes
957 2291 1075 2316 noces
1097 2291 1149 2316 un
1168 2280 1349 2327 seigneur
1370 2280 1416 2316 de
1437 2280 1684 2317 Portaleone.

428 2338 462 2373 3.
485 2338 666 2385 Haspres,
691 2338 810 2385 Nord,
833 2338 1162 2375 arrondissement
1183 2339 1228 2376 de
1250 2339 1555 2386 Valenciennes,
1580 2344 1724 2376 canton
1744 2338 1789 2376 de

381 2397 597 2434 Bouchain.

428 2456 461 2491 4.
484 2456 539 2491 La
560 2455 649 2491 ville
672 2461 709 2491 et
730 2456 949 2503 seigneurie
969 2456 1186 2503 d’Enghien
1208 2456 1363 2494 avaient
1378 2457 1439 2493 ete
1461 2457 1702 2504 confisquees
1720 2467 1789 2504 par

381 2513 413 2549 le
436 2514 569 2560 regent
592 2513 727 2549 Albcrt
755 2514 776 2550 a
798 2515 834 2550 la
854 2515 954 2551 suite
981 2514 1026 2552 de
1048 2514 1280 2552 l'cxecution
1306 2515 1355 2551 du
1377 2514 1450 2552 duc
1475 2514 1709 2558 d‘Atheneffi
1733 2515 1787 2550 les

381 2573 500 2609 freres
527 2572 573 2609 de
603 2584 646 2609 cc
675 2572 842 2620 dernier,
863 2585 958 2611 avec
985 2575 1087 2610 leurs
1117 2574 1230 2621 amis,
1252 2574 1443 2621 repr-irent.
1471 2574 1651 2621 Enghien
1671 2579 1708 2610 et
1729 2572 1785 2620 s’y

381 2630 566 2677 logerent.

427 2690 460 2726 5.
483 2690 620 2726 Albert
640 2690 726 2726 leva
745 2689 810 2725 des
832 2696 987 2738 troupes
1007 2702 1057 2728 en
1077 2691 1268 2728 Hollande
1289 2697 1326 2728 et
1344 2691 1524 2739 jusqu'en
1543 2690 1707 2728 Baviere
1729 2696 1782 2735 et,

380 2759 428 2783 cn
450 2749 665 2795 attendant,
687 2759 888 2795 convoqua
914 2762 966 2786 un
994 2751 1142 2788 certain
1169 2750 1329 2787 nombre
1356 2750 1401 2787 de
1428 2761 1522 2796 gens
1549 2749 1712 2785 d'armes
1734 2748 1779 2783 de.
