1923 3358
172 273 275 319 1341]
438 277 807 310 CHRONOGRAPHIA
834 278 986 310 REGUM
1011 278 1289 311 FRANCORUM.
1507 274 1572 310 189

171 356 476 404 descenderet
497 358 554 404 de
573 358 691 405 turri
712 358 770 405 ad
792 358 1052 405 faciendum
1074 358 1385 422 juramentum
1405 357 1574 406 Karolo

170 439 216 480 et
236 434 431 482 atterens
452 435 604 482 claves
625 435 817 490 castelli,
844 435 1108 498 speculator
1129 435 1208 499 qui
1234 435 1280 481 in
1308 434 1574 482 summitate

170 511 313 558 turris
340 517 455 568 erat,
493 511 611 559 vidit
647 527 918 559 succursum
945 512 1106 559 venire
1131 530 1156 558 a
1187 511 1406 560 Nannetis
1435 526 1575 574 quem

170 587 431 635 adducebat
476 604 632 634 comes
680 587 982 635 Montisfortis
999 625 1009 645 ‚
1058 588 1190 650 quasi
1240 588 1403 635 decem
1453 587 1577 634 milia

169 664 410 712 hominum
441 680 709 720 armorum;
742 679 942 726 cumque
977 664 1065 711 hoc
1091 664 1317 712 innuisset
1343 664 1572 719 soldariis,

170 741 325 788 statim
345 747 391 788 et
416 740 504 804 ipsi
519 745 749 788 venerunt
775 740 833 787 ad
860 740 1159 787 castellanum
1185 741 1263 804 qui
1290 741 1578 804 principibus

169 817 227 865 de
252 818 444 865 Francia
468 817 749 880 loquebatur
775 822 908 865 extra
936 823 1129 880 pontem
1156 823 1201 865 et
1227 817 1445 865 dixerunt
1472 817 1531 864 ei.

234 897 347 943 Cum
388 895 511 942 enim
549 894 825 942 castellanus
864 894 923 941 ad
960 900 1144 957 partem
1181 894 1449 956 loqueretur
1485 894 1579 941 suis

169 971 398 1028 soldariis,
428 971 626 1018 Karolus
653 986 759 1018 curn
794 987 878 1018 suo
910 969 1054 1017 fratre
1087 970 1291 1017 Blesensi
1327 970 1495 1017 comite
1533 976 1579 1016 et

168 1048 337 1096 comite
359 1048 604 1095 Guisnensi
626 1047 722 1111 jam
749 1047 947 1095 scientes
972 1046 1227 1094 adventum
1252 1047 1432 1094 comitis
1453 1050 1580 1094 Mon-

169 1125 381 1181 tisfortis,
418 1124 576 1172 statim
613 1141 698 1187 per
733 1130 926 1187 pontem
963 1123 1258 1171 intraverunt
1291 1124 1530 1171 castellum
1567 1141 1575 1169 :

169 1201 316 1248 eciam
331 1201 594 1249 Ludovicus
615 1201 674 1248 de
695 1201 913 1264 Hispania
932 1207 976 1247 et
1000 1203 1180 1257 Petrus,
1206 1200 1303 1249 dux
1322 1199 1574 1255 Borbonie‚

171 1279 270 1326 sine
305 1295 436 1326 mora
475 1295 580 1326 cum
616 1278 969 1343 quadringentis
1004 1278 1117 1324 viris
1153 1277 1297 1325 secuti
1333 1283 1440 1325 sunt
1476 1293 1575 1323 eos.

170 1359 297 1403 Tunc
331 1355 607 1403 castellanus
643 1361 689 1402 et
725 1355 834 1402 socii
873 1354 942 1402 sui
978 1360 1291 1411 revertentes,
1335 1352 1579 1417 stupefacti

170 1437 279 1479 sunt
299 1431 450 1488 valde,
475 1431 686 1494 dixitque
706 1430 982 1478 castellanus
1008 1430 1142 1477 dictis
1168 1429 1425 1477 baronibus
1450 1427 1576 1491 quod

171 1507 397 1573 sagaciter
432 1509 639 1555 fecerant
677 1507 852 1554 intrare
885 1505 1125 1553 castellum
1156 1524 1165 1551 ε
1210 1524 1230 1549 «
1271 1505 1514 1563 Quoniam,
1555 1524 1573 1549 i>

169 1584 335 1649 inquit,
370 1604 390 1629 <1
428 1584 465 1631 si
497 1583 849 1647 expectassetis‚
885 1600 980 1630 non
1005 1582 1266 1630 intrassetis
1292 1582 1378 1630 nisi
1404 1582 1576 1629 mortui

175 1680 195 1705 <z
225 1667 304 1708 aut
329 1661 451 1724 capti
476 1660 535 1707 ab
564 1660 652 1707 illis
681 1659 761 1723 qui
787 1658 980 1706 veniunt
1009 1659 1066 1706 de
1092 1658 1328 1706 Nannetis.
1357 1658 1579 1716 Quoniam

175 1756 195 1782 (ι
226 1737 417 1801 insuper
432 1736 678 1784 infideliter
698 1736 771 1800 egi
789 1752 902 1800 erga
923 1735 1166 1783 dominum
1183 1751 1358 1792 meum,
1378 1740 1581 1781 mortem

174 1833 194 1858 (ι
225 1814 334 1862 inde
361 1814 599 1877 suscipere
625 1813 794 1860 merui.
830 1832 851 1858 1>

237 1891 316 1939 Cui
337 1890 535 1938 Karolus
561 1890 608 1937 in
635 1894 859 1954 promptu
882 1888 1126 1953 respondit
1152 1888 1278 1952 quod
1300 1888 1363 1934 ita
1388 1892 1511 1934 esset
1537 1892 1581 1934 et

172 1965 300 2029 quod
340 1982 577 2028 nunquam
613 1966 660 2012 in
695 1982 750 2012 eo
789 1965 1009 2012 fiduciam
1049 1964 1261 2012 haberet.
1301 1965 1472 2026 Captus
1513 1969 1583 2010 est

172 2049 324 2090 autem
352 2042 502 2090 dictus
529 2042 803 2089 castellanus
823 2058 876 2089 ac
897 2057 1154 2105 suspensus
1180 2046 1250 2088 est
1270 2040 1317 2086 in
1343 2039 1581 2087 cacumine

172 2120 338 2177 turris,
380 2121 572 2184 ejusque
608 2119 720 2166 socii
759 2119 857 2167 sine
896 2135 1029 2166 mora
1068 2118 1207 2166 occisi
1245 2122 1380 2174 sunt;
1422 2117 1583 2165 Franci

173 2214 360 2261 quoque
380 2197 672 2244 intraverunt
692 2196 931 2244 castellum
951 2196 1082 2259 quasi
1101 2196 1147 2242 in
1169 2211 1365 2243 numero
1391 2210 1583 2242 sexcen-

173 2280 332 2321 torum
356 2274 599 2321 hominum
624 2289 880 2320 armorum.
904 2276 1109 2320 Barones
1135 2273 1309 2335 itaque,
1333 2272 1447 2319 inito
1473 2287 1583 2318 con-

174 2350 274 2397 silio
309 2350 413 2412 quis
444 2365 608 2396 eorum
640 2349 729 2396 iret
761 2349 819 2396 ad
856 2364 1129 2396 succursum
1164 2364 1266 2395 sese
1299 2347 1584 2396 excusabant

175 2432 370 2490 propter
396 2425 680 2473 desiderium
705 2425 977 2472 remanendi
1004 2425 1085 2473 ibi.

240 2506 438 2567 Moxque
457 2519 616 2550 comes
633 2502 935 2550 Montisfortis
952 2502 1143 2549 veniens
1158 2519 1307 2566 prope
1323 2502 1578 2558 castellum,

175 2580 465 2643 prospiciens
482 2580 528 2626 in
545 2580 706 2636 altum,
730 2578 846 2626 vidit
862 2579 1098 2626 hominem
1117 2596 1253 2627 suum
1273 2595 1551 2642 suspensum
1571 2596 1581 2634 ;

176 2655 235 2702 de
261 2672 356 2718 quo
386 2655 584 2702 multum
615 2655 778 2712 doluit,
812 2654 971 2702 dicens
1004 2655 1131 2717 quod
1162 2656 1241 2702 tali
1273 2660 1424 2702 morte
1454 2654 1584 2717 prin-

177 2731 304 2795 cipes
324 2732 446 2780 intus
470 2748 577 2779 cum
601 2731 772 2779 Karolo
798 2730 1048 2779 existentes
1070 2731 1347 2795 dampnaret
1368 2750 1378 2788 3
1402 2731 1586 2795 impug-
