1923 3358
393 281 436 317 80
670 282 1039 316 CHRONOGRAPHIA
1066 282 1218 314 REGUM
1245 283 1523 316 FRANCORUM.
1689 277 1793 326 [1339

456 364 536 411 lllo
567 369 677 410 tunc
709 361 847 408 ambo
879 376 1014 424 reges
1045 360 1234 407 Francie
1266 367 1312 408 et
1344 362 1503 425 Anglie
1533 378 1624 409 non
1652 361 1794 409 dista-

390 441 497 487 bant
523 455 641 486 unus
666 437 724 484 ab
749 437 912 493 altero,
940 436 1027 483 nisi
1053 453 1139 499 per
1164 436 1405 484 dimidiam
1431 437 1608 485 leucam
1635 456 1643 484 :
1668 437 1795 484 venit

389 522 541 564 autem
559 530 715 562 comes
732 513 936 561 Hanonie
955 513 1013 561 ad
1028 529 1188 577 regem
1210 513 1491 577 Philippum,
1515 515 1794 562 avunculum

387 607 540 639 suum.
573 593 720 648 Quem
746 590 910 638 videns
940 607 1042 647 rex,
1075 590 1382 655 interrogavit
1409 607 1517 638 eum
1546 591 1585 638 si
1613 591 1794 639 veniret

385 668 443 716 ad
464 666 743 714 tradendum
766 683 890 724 eum,
914 667 1073 715 dicens
1097 666 1224 731 quod
1250 667 1497 730 reputabat
1519 684 1628 715 eum
1649 668 1794 716 tradi-

383 751 552 801 torem,
581 743 689 807 quia
720 744 997 807 permiserat
1027 744 1243 808 Anglicos
1273 744 1471 792 transire
1493 744 1684 808 pacifice
1708 762 1794 809 per

383 826 561 867 terram
603 836 732 867 suam
748 857 758 876 ‚
800 827 845 867 et
883 820 1035 867 socius
1077 820 1227 867 fuerat
1263 820 1309 867 in
1351 820 1594 868 obsidione
1634 821 1795 868 Came-

382 897 493 943 raci.
521 899 686 945 Comes
708 896 855 944 voluit
881 913 930 944 se
957 913 1198 953 excusare,
1227 896 1308 945 sed
1335 913 1428 945 non
1455 896 1630 961 profuit
1653 913 1794 945 excu—

384 974 500 1020 satio
525 973 640 1037 ejus,

447 1051 545 1096 Rex
569 1065 755 1112 quoque
780 1052 983 1096 Navarre
1003 1048 1146 1096 traxit
1165 1065 1271 1096 eum
1291 1049 1350 1096 ad
1371 1055 1572 1112 partem,
1597 1055 1643 1097 et
1664 1049 1794 1097 audi-

381 1124 440 1171 tis
459 1124 719 1172 rationibus
739 1124 854 1188 ejus,
880 1123 996 1171 dixit
1016 1123 1074 1171 ad
1093 1140 1254 1188 regem
1275 1124 1464 1171 Francie
1488 1124 1615 1187 quod
1635 1141 1793 1172 comes

380 1201 587 1248 Hanonie
614 1218 707 1248 non
734 1200 935 1248 habebat
961 1200 1151 1248 omnino
1177 1201 1345 1247 malam
1370 1217 1557 1248 causam
1583 1219 1592 1247 :
1624 1220 1644 1245 «ι
1671 1203 1794 1258 Quo-

384 1297 405 1321 «
436 1277 578 1335 niam,
614 1297 633 1322 n
661 1277 826 1341 inquit,
860 1297 879 1321 ε(
912 1278 949 1324 si
975 1277 1174 1324 transire
1202 1276 1415 1339 permisit
1444 1292 1606 1341 regem
1631 1276 1793 1341 Anglie

384 1373 404 1398 <x
435 1370 520 1417 per
543 1360 719 1400 terram
745 1370 894 1409 suam,
919 1353 1008 1400 hoc
1034 1370 1126 1401 non
1153 1352 1238 1400 fuit
1264 1359 1457 1417 sponte;
1480 1353 1587 1416 quia
1608 1353 1646 1400 si
1669 1352 1792 1400 ultro

385 1449 405 1473 ε(
436 1446 529 1476 non
560 1430 868 1493 permisisset,
901 1436 1088 1478 coactus
1120 1430 1427 1494 permisisset.
1459 1432 1690 1488 Quantum
1722 1436 1792 1477 est

385 1525 404 1549 (t
437 1505 563 1568 quod
590 1506 675 1553 fuit
701 1507 747 1553 in
773 1506 1017 1555 obsidione
1051 1506 1301 1564 Cameraci,
1331 1507 1420 1554 hoc
1449 1506 1558 1554 fecit
1587 1513 1792 1554 tantum-

385 1601 405 1626 «
437 1582 577 1629 modo
611 1584 719 1646 quia
754 1583 862 1630 odio
891 1582 1093 1630 habebat
1129 1583 1418 1646 episcopum,
1456 1583 1535 1645 qui
1563 1582 1669 1646 jura
1700 1599 1791 1646 que

382 1677 402 1702 α
434 1658 633 1706 habebat
658 1659 704 1706 in
733 1661 980 1707 Cameraco
1014 1659 1101 1706 sibi
1133 1659 1405 1707 abstulerat.
1436 1658 1609 1707 Videns
1635 1666 1791 1707 autem

380 1754 399 1778 (ι
432 1751 591 1799 regem
616 1735 778 1799 Anglie
811 1736 985 1783 intrare
1017 1752 1213 1800 regnum
1242 1742 1470 1792 vestrum,
1501 1736 1624 1799 cepit
1650 1735 1792 1784 licen-

381 1829 402 1854 «
432 1809 549 1857 ciam
570 1817 614 1857 et
633 1827 688 1857 eo
709 1810 935 1868 diffidato,
957 1811 1085 1859 venit
1103 1810 1160 1858 ad
1179 1810 1477 1858 serviendum
1497 1810 1634 1858 vobis
1652 1811 1789 1859 titulo

382 1905 402 1930 α
432 1892 557 1933 terre
583 1887 862 1943 Ostrevanti‚
894 1904 1035 1950 quam
1069 1887 1311 1935 feodaliter
1339 1894 1466 1934 tenet
1493 1887 1551 1935 de
1577 1887 1730 1936 vobis.
1766 1907 1786 1932 n

377 1962 455 2011 Cui
491 1963 734 2026 respondit
767 1980 851 2011 rex
887 1964 1077 2011 Francie
1112 1963 1239 2027 quod
1278 1964 1431 2012 fatuus
1465 1969 1590 2011 esset
1628 1963 1709 2027 qui
1743 1963 1790 2010 in

376 2039 479 2102 ipso
499 2040 755 2087 confideret
775 2046 821 2087 et
842 2041 968 2103 quod
988 2041 1252 2103 prevaleret
1272 2041 1426 2104 ipsum
1446 2040 1619 2096 redire,
1640 2039 1790 2086 donec

376 2123 692 2165 revocaretur.
713 2121 837 2165 Tunc
858 2118 1052 2165 accessit
1069 2134 1225 2165 comes
1245 2118 1452 2165 Hanonie
1474 2133 1634 2164 coram
1654 2132 1784 2181 rege,

378 2199 424 2239 et
455 2192 571 2240 dixit
604 2194 729 2256 quod
762 2195 797 2241 si
832 2195 919 2242 sibi
951 2195 1172 2258 placeret,
1207 2194 1346 2241 vellet
1377 2193 1549 2241 habere
1583 2194 1789 2257 primum

377 2268 551 2316 bellum
585 2270 629 2316 in
665 2271 840 2333 prelio3
881 2278 926 2319 et
960 2288 1044 2319 rex
1080 2270 1323 2334 respondit
1359 2270 1486 2334 quod
1523 2287 1666 2334 super
1702 2269 1789 2317 hoc

377 2344 435 2391 ad
442 2344 611 2392 visaret
622 2382 630 2392 .

443 2422 660 2483 Tuncque
682 2421 852 2484 juravit
877 2439 962 2470 rex
988 2423 1034 2470 in
1062 2428 1243 2470 secreto
1270 2423 1464 2471 consilio
1486 2439 1571 2472 suo
1591 2422 1719 2486 quod
1739 2423 1785 2469 in

379 2496 647 2550 crastinum,
683 2497 739 2543 de
773 2514 923 2553 mane,
955 2506 1184 2564 pugnaret
1217 2506 1378 2547 contra
1408 2516 1570 2564 regem
1603 2499 1783 2564 Anglie‚

378 2573 576 2636 fecitque
597 2574 754 2637 jurare
783 2575 1016 2638 principes
1041 2577 1246 2641 singulos
1272 2576 1399 2639 quod
1425 2577 1512 2623 hoc
1536 2576 1622 2623 sub
1649 2576 1788 2623 silen-

378 2650 448 2696 cio
483 2656 711 2697 tenercnt.
750 2651 1078 2699 Nichilominus
1115 2660 1267 2699 tamen
1303 2652 1390 2699 hoc
1424 2652 1681 2700 revelatum
1716 2659 1787 2699 est

380 2726 477 2789 regi
503 2725 683 2790 Anglie,
713 2726 792 2789 qui
819 2728 990 2783 statim,
1020 2729 1211 2776 consilio
1234 2729 1456 2776 Johannis
1476 2728 1534 2776 de
1555 2728 1781 2786 Hanonia,
