1923 3358
85 317 190 365 1339]
361 320 729 353 CHRONOGRAPHIA
756 320 907 352 REGUM
932 319 1209 353 FRANCORUM.
1432 317 1474 354 83

82 398 320 446 convicina
346 404 415 446 est
440 398 662 446 Hanonie.
686 401 741 446 Et
759 414 844 445 rex
863 397 1050 446 Francie
1070 397 1128 444 de
1147 399 1313 444 Sancto
1338 398 1477 454 Quin-

81 476 177 523 tino
204 476 330 523 venit
361 476 418 522 ad
450 475 670 531 Guisiam‚
700 481 744 522 et
770 475 877 522 inde
908 474 1125 522 incedens
1156 490 1260 521 cum
1291 474 1477 521 aciebus

80 552 304 600 ordinatis
330 558 436 615 post
467 568 590 609 eum,
621 557 668 598 et
691 568 775 598 rex
806 554 1008 598 Navarre
1042 568 1215 608 secum,
1245 551 1324 614 qui
1349 551 1479 614 equi-

79 629 207 676 tabat
231 646 338 676 cum
362 627 606 676 bachineto
637 643 778 690 super
802 633 941 690 caput
965 643 1128 684 suum;
1156 628 1228 675 cui
1254 628 1370 674 dixit
1394 644 1478 675 rex

79 706 268 753 Francie
303 723 312 752 :
353 724 373 749 «
413 706 637 768 Cognate,
681 703 976 750 bachinetum
1013 710 1222 751 vestrum
1261 720 1478 751 amovere

83 801 103 825 ι(
135 781 357 844 potestis,
399 779 620 842 quoniam
660 784 711 826 ut
752 778 958 825 intellexi
995 778 1167 826 inimici
1204 779 1352 826 nostri
1385 779 1478 843 jam

82 876 103 902 (ι
133 857 306 904 distant
331 874 358 902 a
383 854 518 902 nobis
542 871 628 918 per
653 859 835 918 septem
862 854 1034 902 leucas.
1068 873 1088 898 »

142 938 315 985 Deinde
326 942 678 985 castrametatus
691 943 761 985 est
773 937 831 984 ad
843 936 1094 1000 quamdam
1104 936 1278 993 villam,
1294 935 1479 983 nomine

77 1014 470 1071 Buironfossam¹‚
494 1014 552 1061 ad
573 1030 712 1062 unam
736 1014 915 1061 leucam
939 1030 1090 1077 prope
1115 1029 1276 1077 regem
1295 1011 1475 1076 Anglie.

76 1093 128 1137 In
162 1090 364 1141 crastino
399 1107 536 1148 vero,
574 1091 688 1138 dum
722 1107 807 1137 rex
845 1089 1033 1138 Francie
1073 1089 1255 1136 audiret
1289 1088 1480 1135 missam

77 1182 226 1223 suam,
249 1184 415 1230 parurn
442 1172 547 1214 ante
570 1166 832 1223 meridiem,
857 1183 962 1214 ecce
988 1166 1203 1214 Biturarii
1230 1165 1300 1213 sui
1326 1181 1480 1212 acces-

76 1250 237 1292 serunt
249 1244 306 1291 ad
321 1261 428 1292 eum
443 1245 649 1292 dicentes
663 1245 790 1307 quod
805 1244 1029 1293 vidissent
1045 1244 1165 1292 acies
1181 1243 1305 1307 regis
1318 1243 1479 1308 Anglie

75 1321 134 1368 ad
161 1321 454 1369 semileucam
479 1338 648 1385 prope.

139 1405 239 1460 Quo
273 1404 453 1461 audito,
487 1420 575 1451 rex
605 1420 775 1468 magno
805 1409 996 1467 stupore
1034 1402 1262 1465 repletus,
1296 1401 1481 1449 vocavit

75 1479 316 1526 consilium
348 1496 483 1527 suum
514 1487 560 1527 et
592 1480 868 1527 monstravit
900 1480 966 1527 eis
997 1479 1124 1542 quod
1158 1479 1324 1526 falsum
1358 1485 1481 1526 esset

74 1555 201 1618 quod
233 1555 411 1603 dictum
442 1562 543 1603 erat
567 1556 634 1612 ei3
658 1556 797 1620 jussit
825 1572 937 1620 ergo
968 1555 1250 1603 marescallis
1280 1560 1330 1602 ut
1359 1555 1480 1602 irent

73 1632 242 1689 visum,
272 1632 311 1679 si
335 1649 499 1680 verum
526 1637 648 1680 esset
675 1632 800 1695 quod
833 1633 991 1680 hostes
1018 1638 1174 1679 essent
1198 1632 1261 1678 ita
1283 1647 1434 1694 prope
1465 1648 1474 1677 :

73 1708 152 1771 qui
174 1709 397 1756 abeuntes
417 1715 464 1756 et
486 1709 753 1767 redeuntes,
777 1710 1037 1757 retulerunt
1061 1709 1161 1773 regi
1187 1708 1312 1771 quod
1338 1707 1479 1754 vidis-

75 1790 176 1832 sent
200 1802 281 1833 eos
307 1786 365 1834 ad
388 1785 653 1833 bellandum
679 1791 880 1849 aptatos,
910 1786 1134 1833 habentes
1165 1791 1270 1832 ante
1299 1801 1349 1832 se
1374 1801 1480 1847 pas-

73 1958 110 1995 la
129 1959 294 2006 Capelle.
320 1973 336 1993 (ι
357 1960 574 1997 Toutesfois
595 1961 630 1997 le
650 1972 719 2007 roy
740 1959 1009 2009 d'Angleterre
1038 1965 1075 1996 et
1096 1971 1157 1997 ses
1176 1959 1366 1996 Alemans
1387 1971 1476 1996 sou-

76 2031 91 2052 «
114 2017 252 2065 doyers
280 2028 373 2054 avec
400 2019 464 2066 qui
490 2019 654 2056 estoient
678 2020 733 2056 les
755 2025 888 2056 contos
909 2020 953 2055 de
975 2019 1131 2055 Guelles
1152 2024 1189 2054 et
1210 2018 1254 2053 de
1275 2018 1419 2054 Jullers
1442 2023 1479 2053 et

56 2081 93 2110 ⁴«
114 2077 151 2112 la
171 2076 377 2124 greigneur
397 2077 518 2124 partie
542 2077 608 2115 des
634 2078 848 2115 chevaliers
876 2078 921 2114 de
943 2078 1096 2114 Breban
1123 2082 1160 2112 et
1187 2076 1278 2113 ledit
1304 2077 1475 2112 monsei-

77 2148 93 2168 «
116 2146 238 2182 gneur
266 2135 395 2171 Jehan
426 2136 471 2172 de
501 2136 721 2182 Hennaust,
758 2138 868 2173 oncle
900 2137 1006 2172 dudit
1040 2140 1152 2172 conte
1185 2135 1230 2171 de
1262 2134 1478 2181 Hennault,

77 2205 92 2227 α
115 2197 314 2229 entrerent
338 2204 387 2229 en
411 2194 628 2231 Cambresis
654 2206 722 2242 par
743 2195 879 2232 devers
906 2195 942 2230 la
961 2194 1175 2230 Terresche
1201 2198 1239 2229 et
1262 2205 1287 2240 y
1308 2193 1478 2229 ardirent

77 2251 238 2287 «moult
264 2251 309 2287 de
329 2251 439 2288 villes
468 2253 750 2301 champestres‚
779 2256 828 2290 ou
854 2253 997 2290 n’avoit
1027 2252 1152 2288 nullos
1183 2251 1409 2287 forteresses
1442 2256 1480 2287 et

76 2324 93 2344 «
114 2309 360 2357 degasterent
380 2311 435 2346 165
455 2311 579 2357 biens,
602 2313 878 2359 especialment
899 2323 947 2348 en
971 2311 1071 2346 deux
1092 2311 1201 2347 villes
1228 2309 1272 2346 de
1301 2309 1475 2357 l’abbaye

77 2381 93 2401 «
115 2368 160 2405 de
188 2368 298 2404 Saint
319 2369 441 2405 Denis
468 2381 516 2406 en
540 2371 690 2407 France
717 2384 724 2406 z
751 2371 844 2407 c'est
871 2372 907 2406 la
927 2369 1198 2416 Flamengiere
1219 2374 1256 2405 et
1283 2369 1320 2404 la
1348 2368 1479 2415 Chap-

78 2441 94 2460 «
115 2428 227 2474 pelle.
254 2441 268 2461 1>
295 2428 406 2472 (Bibl.
429 2435 524 2475 nat„
548 2430 657 2466 fonds
680 2430 849 2477 francais
870 2429 975 2475 2598,
998 2429 1061 2465 fol.
1086 2429 1128 2465 50
1149 2428 1216 2472 νῦ.)

122 2493 156 2527 sl.
178 2492 439 2539 Buironfosse,
468 2493 601 2539 Aisne,
632 2494 959 2530 arrondissement
985 2493 1030 2529 de
1052 2493 1232 2538 Vervins,
1260 2496 1403 2528 canton
1434 2491 1479 2527 de

76 2551 113 2587 la
139 2550 303 2597 Capelle.
327 2551 387 2588 On
413 2552 571 2599 possede
599 2553 793 2599 plusieurs
819 2552 1037 2599 quittances
1065 2552 1277 2588 d‘hommes
1300 2551 1479 2595 d’armes,

78 2608 208 2645 datees
237 2609 336 2645 ainsi
367 2622 374 2644 ;
405 2623 419 2643 «
450 2621 499 2646 au
528 2611 631 2657 siege
660 2611 705 2647 de
731 2611 982 2656 Buronfosse‚
1014 2623 1029 2644 1>
1058 2610 1092 2646 16
1121 2610 1165 2646 24
1192 2609 1347 2646 octobre
1375 2607 1478 2643 1339.

81 2667 195 2713 (Bibl.
231 2672 327 2713 nat„
355 2668 481 2704 Titres
514 2669 649 2705 5661165
683 2669 728 2705 (16
759 2668 1052 2714 Clairambault,
1081 2668 1156 2705 vol.
1180 2669 1214 2713 7,
1241 2667 1304 2703 fol.
1333 2666 1414 2711 367,
1443 2669 1480 2700 et

77 2725 153 2760 vol.
179 2725 240 2769 23,
267 2725 330 2761 fol.
356 2725 471 2771 1679.)
498 2725 673 2772 philippe
695 2725 749 2761 VI
772 2725 816 2763 de
838 2726 971 2763 Valois
991 2726 1118 2762 arriva
1138 2725 1160 2761 ἐι
1180 2724 1425 2760 Buironfosse
1446 2723 1480 2759 16

79 2781 123 2818 2⁶2
146 2783 313 2819 octobre.
