<?xml version="1.0" encoding="UTF-8"?>
<!DOCTYPE html PUBLIC "-//W3C//DTD XHTML 1.0 Transitional//EN"
    "http://www.w3.org/TR/xhtml1/DTD/xhtml1-transitional.dtd">
<html xmlns="http://www.w3.org/1999/xhtml" xml:lang="en" lang="en">
 <head>
  <title>
</title>
<meta http-equiv="Content-Type" content="text/html;charset=utf-8" />
  <meta name='ocr-system' content='tesseract 3.04.00' />
  <meta name='ocr-capabilities' content='ocr_page ocr_carea ocr_par ocr_line ocrx_word'/>
</head>
<body>
  <div class='ocr_page' id='page_1' title='image "./chronographiareg02mora_0166.png"; bbox 0 0 1923 3358; ppageno 0'>
   <div class='ocr_carea' id='block_1_1' title="bbox 333 271 1726 319">
    <p class='ocr_par' dir='ltr' id='par_1_1' title="bbox 333 271 1726 319">
     <span class='ocr_line' id='line_1_1' title="bbox 333 271 1726 319; baseline -0.009 -1"><span class='ocrx_word' id='word_1_1' title='bbox 333 283 395 319; x_wconf 74' lang='lat'>¹154</span> <span class='ocrx_word' id='word_1_2' title='bbox 610 278 977 313; x_wconf 79' lang='lat' dir='ltr'><strong>CHRONOGRAPHIA</strong></span> <span class='ocrx_word' id='word_1_3' title='bbox 1003 276 1155 308; x_wconf 83' lang='lat' dir='ltr'><strong>REGUM</strong></span> <span class='ocrx_word' id='word_1_4' title='bbox 1179 274 1456 307; x_wconf 82' lang='lat' dir='ltr'>FRANCORUM.</span> <span class='ocrx_word' id='word_1_5' title='bbox 1521 272 1537 285; x_wconf 81' lang='lat'>&#39;</span> <span class='ocrx_word' id='word_1_6' title='bbox 1621 271 1726 317; x_wconf 79' lang='grc'>[1340</span> 
     </span>
    </p>
   </div>
   <div class='ocr_carea' id='block_1_2' title="bbox 325 353 1735 1881">
    <p class='ocr_par' dir='ltr' id='par_1_2' title="bbox 327 353 1727 580">
     <span class='ocr_line' id='line_1_2' title="bbox 328 353 1727 420; baseline -0.009 -6"><span class='ocrx_word' id='word_1_7' title='bbox 328 365 553 419; x_wconf 89' lang='lat' dir='ltr'>homines,</span> <span class='ocrx_word' id='word_1_8' title='bbox 577 362 696 408; x_wconf 86' lang='lat' dir='ltr'>inter</span> <span class='ocrx_word' id='word_1_9' title='bbox 715 374 832 420; x_wconf 89' lang='lat' dir='ltr'>quos</span> <span class='ocrx_word' id='word_1_10' title='bbox 853 361 984 404; x_wconf 89' lang='lat' dir='ltr'>erant</span> <span class='ocrx_word' id='word_1_11' title='bbox 1009 355 1258 418; x_wconf 89' lang='lat' dir='ltr'>episcopus</span> <span class='ocrx_word' id='word_1_12' title='bbox 1277 353 1558 412; x_wconf 88' lang='lat' dir='ltr'>Leodiensis‚</span> <span class='ocrx_word' id='word_1_13' title='bbox 1581 358 1727 403; x_wconf 88' lang='lat' dir='ltr'>Karo-</span> 
     </span>
     <span class='ocr_line' id='line_1_3' title="bbox 327 429 1723 489; baseline -0.009 1"><span class='ocrx_word' id='word_1_14' title='bbox 327 443 397 489; x_wconf 92' lang='lat' dir='ltr'>lus</span> <span class='ocrx_word' id='word_1_15' title='bbox 417 440 474 487; x_wconf 93' lang='lat' dir='ltr'>de</span> <span class='ocrx_word' id='word_1_16' title='bbox 495 434 824 487; x_wconf 90' lang='lat' dir='ltr'>Montmorensi</span> <span class='ocrx_word' id='word_1_17' title='bbox 845 438 891 480; x_wconf 91' lang='lat' dir='ltr'>et</span> <span class='ocrx_word' id='word_1_18' title='bbox 910 431 1257 488; x_wconf 78' lang='lat' dir='ltr'>Gufflebaudus,</span> <span class='ocrx_word' id='word_1_19' title='bbox 1281 430 1498 478; x_wconf 91' lang='lat' dir='ltr'>dominus</span> <span class='ocrx_word' id='word_1_20' title='bbox 1521 429 1578 478; x_wconf 92' lang='lat' dir='ltr'>de</span> <span class='ocrx_word' id='word_1_21' title='bbox 1597 431 1723 478; x_wconf 88' lang='lat' dir='ltr'>Tria¹</span> 
     </span>
     <span class='ocr_line' id='line_1_4' title="bbox 328 511 1038 580; baseline -0.013 -14"><span class='ocrx_word' id='word_1_22' title='bbox 328 519 384 566; x_wconf 88' lang='lat' dir='ltr'>ad</span> <span class='ocrx_word' id='word_1_23' title='bbox 409 513 701 580; x_wconf 89' lang='lat' dir='ltr'>querendum</span> <span class='ocrx_word' id='word_1_24' title='bbox 727 511 1038 577; x_wconf 75' lang='lat' dir='ltr'><strong>provisiones.</strong></span> 
     </span>
    </p>

    <p class='ocr_par' dir='ltr' id='par_1_3' title="bbox 325 585 1735 1420">
     <span class='ocr_line' id='line_1_5' title="bbox 391 585 1724 653; baseline -0.006 -14"><span class='ocrx_word' id='word_1_25' title='bbox 391 596 488 651; x_wconf 81' lang='lat' dir='ltr'>Quo</span> <span class='ocrx_word' id='word_1_26' title='bbox 515 590 673 638; x_wconf 88' lang='lat' dir='ltr'>audito</span> <span class='ocrx_word' id='word_1_27' title='bbox 698 606 784 653; x_wconf 90' lang='lat' dir='ltr'>per</span> <span class='ocrx_word' id='word_1_28' title='bbox 804 604 948 636; x_wconf 91' lang='lat' dir='ltr'>unum</span> <span class='ocrx_word' id='word_1_29' title='bbox 968 586 1305 643; x_wconf 80' lang='lat' dir='ltr'>insidiatorem,</span> <span class='ocrx_word' id='word_1_30' title='bbox 1326 600 1483 632; x_wconf 90' lang='lat' dir='ltr'>comes</span> <span class='ocrx_word' id='word_1_31' title='bbox 1501 585 1724 642; x_wconf 87' lang='lat' dir='ltr'>Hanonie,</span> 
     </span>
     <span class='ocr_line' id='line_1_6' title="bbox 326 659 1731 727; baseline -0.007 -10"><span class='ocrx_word' id='word_1_32' title='bbox 326 667 528 717; x_wconf 71' lang='lat' dir='ltr'>collectis</span> <span class='ocrx_word' id='word_1_33' title='bbox 555 666 666 723; x_wconf 84' lang='lat' dir='ltr'>suis,</span> <span class='ocrx_word' id='word_1_34' title='bbox 696 665 909 712; x_wconf 85' lang='lat' dir='ltr'>exierunt</span> <span class='ocrx_word' id='word_1_35' title='bbox 936 679 1076 727; x_wconf 88' lang='lat' dir='ltr'>super</span> <span class='ocrx_word' id='word_1_36' title='bbox 1101 678 1292 724; x_wconf 90' lang='lat' dir='ltr'>campos</span> <span class='ocrx_word' id='word_1_37' title='bbox 1325 676 1410 708; x_wconf 91' lang='lat' dir='ltr'>nec</span> <span class='ocrx_word' id='word_1_38' title='bbox 1442 659 1522 708; x_wconf 88' lang='lat' dir='ltr'>diu</span> <span class='ocrx_word' id='word_1_39' title='bbox 1552 660 1731 724; x_wconf 88' lang='lat' dir='ltr'>equita-</span> 
     </span>
     <span class='ocr_line' id='line_1_7' title="bbox 325 735 1731 806; baseline -0.007 -13"><span class='ocrx_word' id='word_1_40' title='bbox 325 751 494 793; x_wconf 80' lang='lat' dir='ltr'><strong>verunt</strong></span> <span class='ocrx_word' id='word_1_41' title='bbox 533 742 659 806; x_wconf 89' lang='lat' dir='ltr'>quod</span> <span class='ocrx_word' id='word_1_42' title='bbox 701 741 950 805; x_wconf 89' lang='lat' dir='ltr'>episcopus</span> <span class='ocrx_word' id='word_1_43' title='bbox 989 738 1257 787; x_wconf 89' lang='lat' dir='ltr'>Leodiensis</span> <span class='ocrx_word' id='word_1_44' title='bbox 1300 742 1346 784; x_wconf 93' lang='lat' dir='ltr'>et</span> <span class='ocrx_word' id='word_1_45' title='bbox 1388 736 1462 783; x_wconf 90' lang='lat' dir='ltr'>alii</span> <span class='ocrx_word' id='word_1_46' title='bbox 1503 735 1731 784; x_wconf 86' lang='lat' dir='ltr'>miserunt</span> 
     </span>
     <span class='ocr_line' id='line_1_8' title="bbox 326 814 1729 878; baseline -0.008 -8"><span class='ocrx_word' id='word_1_47' title='bbox 326 822 561 870; x_wconf 84' lang='lat' dir='ltr'>baillivum</span> <span class='ocrx_word' id='word_1_48' title='bbox 583 819 711 868; x_wconf 77' lang='grc' dir='ltr'>Ηοίἰ2</span> <span class='ocrx_word' id='word_1_49' title='bbox 730 818 788 866; x_wconf 88' lang='lat' dir='ltr'>ad</span> <span class='ocrx_word' id='word_1_50' title='bbox 810 834 907 875; x_wconf 86' lang='lat' dir='ltr'>eos,</span> <span class='ocrx_word' id='word_1_51' title='bbox 932 816 990 864; x_wconf 88' lang='lat' dir='ltr'>ad</span> <span class='ocrx_word' id='word_1_52' title='bbox 1017 816 1255 864; x_wconf 89' lang='lat' dir='ltr'>sciendum</span> <span class='ocrx_word' id='word_1_53' title='bbox 1281 814 1360 878; x_wconf 90' lang='lat' dir='ltr'>qui</span> <span class='ocrx_word' id='word_1_54' title='bbox 1387 818 1558 861; x_wconf 88' lang='lat' dir='ltr'>essent.</span> <span class='ocrx_word' id='word_1_55' title='bbox 1583 816 1729 872; x_wconf 85' lang='lat' dir='ltr'><strong>Quem</strong></span> 
     </span>
     <span class='ocr_line' id='line_1_9' title="bbox 327 892 1731 948; baseline -0.007 -1"><span class='ocrx_word' id='word_1_56' title='bbox 327 899 471 948; x_wconf 79' lang='lat' dir='ltr'>Rufus</span> <span class='ocrx_word' id='word_1_57' title='bbox 491 897 549 944; x_wconf 87' lang='lat' dir='ltr'>de</span> <span class='ocrx_word' id='word_1_58' title='bbox 569 896 863 944; x_wconf 87' lang='lat' dir='ltr'>Falcomonte</span> <span class='ocrx_word' id='word_1_59' title='bbox 881 894 1045 941; x_wconf 75' lang='lat' dir='ltr'>videns</span> <span class='ocrx_word' id='word_1_60' title='bbox 1064 893 1226 940; x_wconf 86' lang='lat' dir='ltr'>venire</span> <span class='ocrx_word' id='word_1_61' title='bbox 1245 908 1352 939; x_wconf 90' lang='lat' dir='ltr'>cum</span> <span class='ocrx_word' id='word_1_62' title='bbox 1372 892 1545 947; x_wconf 78' lang='lat' dir='ltr'>lancea,</span> <span class='ocrx_word' id='word_1_63' title='bbox 1567 905 1731 938; x_wconf 88' lang='lat' dir='ltr'>cucur-</span> 
     </span>
     <span class='ocr_line' id='line_1_10' title="bbox 327 967 1731 1035; baseline -0.006 -13"><span class='ocrx_word' id='word_1_64' title='bbox 327 976 386 1022; x_wconf 92' lang='lat' dir='ltr'>rit</span> <span class='ocrx_word' id='word_1_65' title='bbox 420 981 581 1021; x_wconf 87' lang='lat' dir='ltr'>contra</span> <span class='ocrx_word' id='word_1_66' title='bbox 615 989 722 1020; x_wconf 89' lang='lat' dir='ltr'>eum</span> <span class='ocrx_word' id='word_1_67' title='bbox 752 977 798 1019; x_wconf 90' lang='lat' dir='ltr'>et</span> <span class='ocrx_word' id='word_1_68' title='bbox 827 970 1083 1035; x_wconf 87' lang='lat' dir='ltr'>prostravit</span> <span class='ocrx_word' id='word_1_69' title='bbox 1112 970 1157 1016; x_wconf 92' lang='lat' dir='ltr'>in</span> <span class='ocrx_word' id='word_1_70' title='bbox 1190 976 1392 1025; x_wconf 80' lang='lat' dir='ltr'>terram3</span> <span class='ocrx_word' id='word_1_71' title='bbox 1425 967 1504 1031; x_wconf 91' lang='lat' dir='ltr'>qui</span> <span class='ocrx_word' id='word_1_72' title='bbox 1535 983 1731 1031; x_wconf 75' lang='lat' dir='ltr'><strong>surgens</strong></span> 
     </span>
     <span class='ocr_line' id='line_1_11' title="bbox 328 1043 1730 1112; baseline -0.006 -13"><span class='ocrx_word' id='word_1_73' title='bbox 328 1051 443 1099; x_wconf 82' lang='lat' dir='ltr'>dixit</span> <span class='ocrx_word' id='word_1_74' title='bbox 480 1050 543 1097; x_wconf 91' lang='lat' dir='ltr'>illi</span> <span class='ocrx_word' id='word_1_75' title='bbox 581 1049 707 1112; x_wconf 90' lang='lat' dir='ltr'>quod</span> <span class='ocrx_word' id='word_1_76' title='bbox 747 1065 839 1096; x_wconf 91' lang='lat' dir='ltr'>non</span> <span class='ocrx_word' id='word_1_77' title='bbox 874 1053 1064 1095; x_wconf 84' lang='lat' dir='ltr'>venerat</span> <span class='ocrx_word' id='word_1_78' title='bbox 1101 1045 1158 1093; x_wconf 92' lang='lat' dir='ltr'>ad</span> <span class='ocrx_word' id='word_1_79' title='bbox 1197 1044 1613 1100; x_wconf 79' lang='lat' dir='ltr'>hastssudiandum,</span> <span class='ocrx_word' id='word_1_80' title='bbox 1648 1043 1730 1092; x_wconf 91' lang='lat' dir='ltr'>sed</span> 
     </span>
     <span class='ocr_line' id='line_1_12' title="bbox 327 1121 1732 1192; baseline -0.006 -16"><span class='ocrx_word' id='word_1_81' title='bbox 327 1128 573 1192; x_wconf 86' lang='lat' dir='ltr'>episcopus</span> <span class='ocrx_word' id='word_1_82' title='bbox 594 1125 858 1174; x_wconf 88' lang='lat' dir='ltr'>Leodiensis</span> <span class='ocrx_word' id='word_1_83' title='bbox 882 1130 928 1171; x_wconf 88' lang='lat' dir='ltr'>et</span> <span class='ocrx_word' id='word_1_84' title='bbox 951 1123 1082 1171; x_wconf 85' lang='lat' dir='ltr'>multi</span> <span class='ocrx_word' id='word_1_85' title='bbox 1109 1122 1287 1169; x_wconf 91' lang='lat' dir='ltr'>nobiles</span> <span class='ocrx_word' id='word_1_86' title='bbox 1308 1122 1365 1169; x_wconf 88' lang='lat' dir='ltr'>de</span> <span class='ocrx_word' id='word_1_87' title='bbox 1384 1122 1574 1170; x_wconf 82' lang='lat' dir='ltr'>Francia</span> <span class='ocrx_word' id='word_1_88' title='bbox 1593 1121 1732 1168; x_wconf 89' lang='lat' dir='ltr'>mise-</span> 
     </span>
     <span class='ocr_line' id='line_1_13' title="bbox 327 1198 1728 1263; baseline -0.006 -11"><span class='ocrx_word' id='word_1_89' title='bbox 327 1211 432 1251; x_wconf 88' lang='lat' dir='ltr'>rant</span> <span class='ocrx_word' id='word_1_90' title='bbox 451 1221 558 1251; x_wconf 90' lang='lat' dir='ltr'>eum</span> <span class='ocrx_word' id='word_1_91' title='bbox 580 1203 637 1250; x_wconf 88' lang='lat' dir='ltr'>ad</span> <span class='ocrx_word' id='word_1_92' title='bbox 656 1201 909 1249; x_wconf 87' lang='lat' dir='ltr'>videndum</span> <span class='ocrx_word' id='word_1_93' title='bbox 930 1200 968 1248; x_wconf 91' lang='lat' dir='ltr'>si</span> <span class='ocrx_word' id='word_1_94' title='bbox 989 1205 1143 1247; x_wconf 83' lang='lat' dir='ltr'><strong>essent</strong></span> <span class='ocrx_word' id='word_1_95' title='bbox 1170 1199 1228 1246; x_wconf 92' lang='lat' dir='ltr'>de</span> <span class='ocrx_word' id='word_1_96' title='bbox 1255 1204 1388 1262; x_wconf 88' lang='lat' dir='ltr'>parte</span> <span class='ocrx_word' id='word_1_97' title='bbox 1412 1198 1728 1263; x_wconf 88' lang='lat' dir='ltr'>Anglicorum.</span> 
     </span>
     <span class='ocr_line' id='line_1_14' title="bbox 329 1273 1735 1341; baseline -0.006 -12"><span class='ocrx_word' id='word_1_98' title='bbox 329 1281 409 1329; x_wconf 90' lang='lat' dir='ltr'>Cui</span> <span class='ocrx_word' id='word_1_99' title='bbox 427 1281 541 1328; x_wconf 87' lang='lat' dir='ltr'>alter</span> <span class='ocrx_word' id='word_1_100' title='bbox 559 1279 676 1327; x_wconf 82' lang='lat' dir='ltr'>dixit</span> <span class='ocrx_word' id='word_1_101' title='bbox 697 1278 824 1341; x_wconf 87' lang='lat' dir='ltr'>quod</span> <span class='ocrx_word' id='word_1_102' title='bbox 842 1278 930 1324; x_wconf 91' lang='lat' dir='ltr'>iret</span> <span class='ocrx_word' id='word_1_103' title='bbox 949 1276 1008 1324; x_wconf 94' lang='lat' dir='ltr'>ad</span> <span class='ocrx_word' id='word_1_104' title='bbox 1029 1276 1180 1324; x_wconf 91' lang='lat' dir='ltr'>socios</span> <span class='ocrx_word' id='word_1_105' title='bbox 1194 1291 1304 1323; x_wconf 92' lang='lat' dir='ltr'>suos</span> <span class='ocrx_word' id='word_1_106' title='bbox 1321 1281 1460 1337; x_wconf 87' lang='lat' dir='ltr'>atque</span> <span class='ocrx_word' id='word_1_107' title='bbox 1480 1274 1655 1322; x_wconf 89' lang='lat' dir='ltr'>diceret</span> <span class='ocrx_word' id='word_1_108' title='bbox 1668 1273 1735 1321; x_wconf 91' lang='lat' dir='ltr'>eis</span> 
     </span>
     <span class='ocr_line' id='line_1_15' title="bbox 329 1350 1729 1420; baseline -0.004 -16"><span class='ocrx_word' id='word_1_109' title='bbox 329 1357 455 1420; x_wconf 88' lang='lat' dir='ltr'>quod</span> <span class='ocrx_word' id='word_1_110' title='bbox 474 1372 631 1403; x_wconf 90' lang='lat' dir='ltr'>comes</span> <span class='ocrx_word' id='word_1_111' title='bbox 651 1354 855 1402; x_wconf 90' lang='lat' dir='ltr'>Hanonie</span> <span class='ocrx_word' id='word_1_112' title='bbox 872 1358 1103 1418; x_wconf 87' lang='lat' dir='ltr'>pugnaret</span> <span class='ocrx_word' id='word_1_113' title='bbox 1124 1358 1286 1400; x_wconf 89' lang='lat' dir='ltr'>contra</span> <span class='ocrx_word' id='word_1_114' title='bbox 1304 1369 1410 1408; x_wconf 88' lang='lat' dir='ltr'>eos;</span> <span class='ocrx_word' id='word_1_115' title='bbox 1431 1351 1510 1414; x_wconf 91' lang='lat' dir='ltr'>qui</span> <span class='ocrx_word' id='word_1_116' title='bbox 1527 1351 1588 1398; x_wconf 92' lang='lat' dir='ltr'>ita</span> <span class='ocrx_word' id='word_1_117' title='bbox 1606 1350 1729 1398; x_wconf 86' lang='lat' dir='ltr'>fecit.</span> 
     </span>
    </p>

    <p class='ocr_par' dir='ltr' id='par_1_4' title="bbox 330 1426 1735 1881">
     <span class='ocr_line' id='line_1_16' title="bbox 393 1426 1735 1479; baseline -0.004 0"><span class='ocrx_word' id='word_1_118' title='bbox 393 1436 539 1479; x_wconf 93' lang='lat' dir='ltr'>Porro</span> <span class='ocrx_word' id='word_1_119' title='bbox 565 1447 722 1479; x_wconf 87' lang='lat' dir='ltr'>comes</span> <span class='ocrx_word' id='word_1_120' title='bbox 748 1430 954 1477; x_wconf 89' lang='lat' dir='ltr'>Hanonie</span> <span class='ocrx_word' id='word_1_121' title='bbox 980 1428 1107 1476; x_wconf 84' lang='lat' dir='ltr'>venit</span> <span class='ocrx_word' id='word_1_122' title='bbox 1137 1435 1297 1475; x_wconf 90' lang='lat' dir='ltr'>contra</span> <span class='ocrx_word' id='word_1_123' title='bbox 1329 1444 1409 1475; x_wconf 89' lang='lat' dir='ltr'>eos</span> <span class='ocrx_word' id='word_1_124' title='bbox 1441 1434 1487 1474; x_wconf 87' lang='lat' dir='ltr'>et</span> <span class='ocrx_word' id='word_1_125' title='bbox 1518 1426 1735 1474; x_wconf 89' lang='lat' dir='ltr'>commis-</span> 
     </span>
     <span class='ocr_line' id='line_1_17' title="bbox 330 1504 1734 1571; baseline -0.006 -14"><span class='ocrx_word' id='word_1_126' title='bbox 330 1526 433 1558; x_wconf 89' lang='lat' dir='ltr'>sum</span> <span class='ocrx_word' id='word_1_127' title='bbox 460 1516 530 1557; x_wconf 89' lang='lat' dir='ltr'>est</span> <span class='ocrx_word' id='word_1_128' title='bbox 556 1514 691 1555; x_wconf 88' lang='lat' dir='ltr'>atrox</span> <span class='ocrx_word' id='word_1_129' title='bbox 718 1507 918 1571; x_wconf 89' lang='lat' dir='ltr'>prelium</span> <span class='ocrx_word' id='word_1_130' title='bbox 944 1507 988 1553; x_wconf 93' lang='lat' dir='ltr'>in</span> <span class='ocrx_word' id='word_1_131' title='bbox 1017 1522 1111 1569; x_wconf 86' lang='lat' dir='ltr'>quo</span> <span class='ocrx_word' id='word_1_132' title='bbox 1137 1505 1292 1553; x_wconf 88' lang='lat' dir='ltr'>Gallici</span> <span class='ocrx_word' id='word_1_133' title='bbox 1322 1504 1430 1551; x_wconf 84' lang='lat' dir='ltr'>victi</span> <span class='ocrx_word' id='word_1_134' title='bbox 1463 1509 1570 1551; x_wconf 85' lang='lat' dir='ltr'>sunt</span> <span class='ocrx_word' id='word_1_135' title='bbox 1600 1508 1647 1550; x_wconf 89' lang='lat' dir='ltr'>et</span> <span class='ocrx_word' id='word_1_136' title='bbox 1677 1518 1734 1549; x_wconf 85' lang='lat' dir='ltr'>ex</span> 
     </span>
     <span class='ocr_line' id='line_1_18' title="bbox 330 1582 1734 1646; baseline -0.006 -11"><span class='ocrx_word' id='word_1_137' title='bbox 330 1588 395 1635; x_wconf 89' lang='lat' dir='ltr'>cis</span> <span class='ocrx_word' id='word_1_138' title='bbox 416 1603 506 1634; x_wconf 91' lang='lat' dir='ltr'>non</span> <span class='ocrx_word' id='word_1_139' title='bbox 528 1590 853 1633; x_wconf 86' lang='lat' dir='ltr'>remanserunt</span> <span class='ocrx_word' id='word_1_140' title='bbox 873 1583 961 1630; x_wconf 92' lang='lat' dir='ltr'>nisi</span> <span class='ocrx_word' id='word_1_141' title='bbox 982 1582 1280 1646; x_wconf 86' lang='lat' dir='ltr'>septingenti.</span> <span class='ocrx_word' id='word_1_142' title='bbox 1301 1582 1560 1645; x_wconf 87' lang='lat' dir='ltr'>Episcopus</span> <span class='ocrx_word' id='word_1_143' title='bbox 1579 1586 1734 1628; x_wconf 83' lang='lat' dir='ltr'>autern</span> 
     </span>
     <span class='ocr_line' id='line_1_19' title="bbox 330 1660 1735 1724; baseline -0.004 -14"><span class='ocrx_word' id='word_1_144' title='bbox 330 1663 494 1710; x_wconf 89' lang='lat' dir='ltr'>videns</span> <span class='ocrx_word' id='word_1_145' title='bbox 514 1678 623 1710; x_wconf 90' lang='lat' dir='ltr'>suos</span> <span class='ocrx_word' id='word_1_146' title='bbox 644 1661 858 1717; x_wconf 86' lang='lat' dir='ltr'>deficere,</span> <span class='ocrx_word' id='word_1_147' title='bbox 885 1660 1042 1724; x_wconf 83' lang='lat' dir='ltr'>fugam</span> <span class='ocrx_word' id='word_1_148' title='bbox 1062 1675 1311 1724; x_wconf 77' lang='lat' dir='ltr'>aggressus</span> <span class='ocrx_word' id='word_1_149' title='bbox 1331 1665 1400 1706; x_wconf 90' lang='lat' dir='ltr'>est</span> <span class='ocrx_word' id='word_1_150' title='bbox 1417 1674 1581 1706; x_wconf 87' lang='lat' dir='ltr'>versus</span> <span class='ocrx_word' id='word_1_151' title='bbox 1599 1673 1735 1706; x_wconf 88' lang='lat' dir='ltr'>exer—</span> 
     </span>
     <span class='ocr_line' id='line_1_20' title="bbox 331 1734 1735 1803; baseline -0.004 -16"><span class='ocrx_word' id='word_1_152' title='bbox 331 1742 472 1787; x_wconf 87' lang='lat' dir='ltr'>citum</span> <span class='ocrx_word' id='word_1_153' title='bbox 492 1739 615 1803; x_wconf 83' lang='lat' dir='ltr'>regis</span> <span class='ocrx_word' id='word_1_154' title='bbox 635 1737 823 1786; x_wconf 86' lang='lat' dir='ltr'>Francie</span> <span class='ocrx_word' id='word_1_155' title='bbox 846 1752 952 1784; x_wconf 90' lang='lat' dir='ltr'>cum</span> <span class='ocrx_word' id='word_1_156' title='bbox 978 1736 1244 1800; x_wconf 87' lang='lat' dir='ltr'>quingentis</span> <span class='ocrx_word' id='word_1_157' title='bbox 1268 1734 1560 1791; x_wconf 88' lang='lat' dir='ltr'>hominibus;</span> <span class='ocrx_word' id='word_1_158' title='bbox 1583 1740 1629 1782; x_wconf 88' lang='lat' dir='ltr'>et</span> <span class='ocrx_word' id='word_1_159' title='bbox 1654 1751 1735 1782; x_wconf 89' lang='lat' dir='ltr'>eos</span> 
     </span>
     <span class='ocr_line' id='line_1_21' title="bbox 332 1813 1130 1881; baseline -0.008 -16"><span class='ocrx_word' id='word_1_160' title='bbox 332 1816 702 1881; x_wconf 76' lang='lat' dir='ltr'>persequebatur</span> <span class='ocrx_word' id='word_1_161' title='bbox 726 1830 882 1861; x_wconf 90' lang='lat' dir='ltr'>comes</span> <span class='ocrx_word' id='word_1_162' title='bbox 908 1813 1130 1860; x_wconf 90' lang='lat' dir='ltr'>Hanonie.</span> 
     </span>
    </p>
   </div>
   <div class='ocr_carea' id='block_1_3' title="bbox 333 1979 1737 2793">
    <p class='ocr_par' dir='ltr' id='par_1_5' title="bbox 333 1979 1737 2735">
     <span class='ocr_line' id='line_1_22' title="bbox 382 1979 1736 2028; baseline -0.002 -8"><span class='ocrx_word' id='word_1_163' title='bbox 382 1987 413 2021; x_wconf 49' lang='grc' dir='ltr'>Ἰ’1.</span> <span class='ocrx_word' id='word_1_164' title='bbox 439 1984 628 2021; x_wconf 84' lang='lat' dir='ltr'>Froissart</span> <span class='ocrx_word' id='word_1_165' title='bbox 658 1994 705 2019; x_wconf 88' lang='lat' dir='ltr'>ne</span> <span class='ocrx_word' id='word_1_166' title='bbox 735 1982 963 2019; x_wconf 82' lang='lat' dir='ltr'>mentionnc</span> <span class='ocrx_word' id='word_1_167' title='bbox 992 1981 1087 2017; x_wconf 87' lang='lat' dir='ltr'>dans</span> <span class='ocrx_word' id='word_1_168' title='bbox 1116 1986 1176 2017; x_wconf 86' lang='lat' dir='ltr'>cet</span> <span class='ocrx_word' id='word_1_169' title='bbox 1211 1980 1363 2028; x_wconf 85' lang='lat' dir='ltr'>e&#39;pisode</span> <span class='ocrx_word' id='word_1_170' title='bbox 1395 1991 1468 2028; x_wconf 86' lang='lat' dir='ltr'>que</span> <span class='ocrx_word' id='word_1_171' title='bbox 1498 1979 1658 2016; x_wconf 78' lang='lat' dir='ltr'>charles</span> <span class='ocrx_word' id='word_1_172' title='bbox 1690 1979 1736 2017; x_wconf 91' lang='lat' dir='ltr'>de</span> 
     </span>
     <span class='ocr_line' id='line_1_23' title="bbox 334 2039 1735 2090; baseline -0.004 -10"><span class='ocrx_word' id='word_1_173' title='bbox 334 2045 629 2090; x_wconf 79' lang='lat' dir='ltr'>Montmorency</span> <span class='ocrx_word' id='word_1_174' title='bbox 650 2048 687 2079; x_wconf 83' lang='lat' dir='ltr'>et</span> <span class='ocrx_word' id='word_1_175' title='bbox 708 2044 743 2079; x_wconf 83' lang='lat' dir='ltr'>le</span> <span class='ocrx_word' id='word_1_176' title='bbox 764 2042 839 2077; x_wconf 88' lang='lat' dir='ltr'>sire</span> <span class='ocrx_word' id='word_1_177' title='bbox 866 2041 910 2077; x_wconf 88' lang='lat' dir='ltr'>de</span> <span class='ocrx_word' id='word_1_178' title='bbox 939 2040 1260 2077; x_wconf 83' lang='lat' dir='ltr'>Saint-Saussieu.</span> <span class='ocrx_word' id='word_1_179' title='bbox 1285 2040 1337 2075; x_wconf 93' lang='lat' dir='ltr'>M.</span> <span class='ocrx_word' id='word_1_180' title='bbox 1366 2040 1471 2076; x_wconf 90' lang='lat' dir='ltr'>Luce</span> <span class='ocrx_word' id='word_1_181' title='bbox 1496 2039 1633 2075; x_wconf 85' lang='lat' dir='ltr'>estime</span> <span class='ocrx_word' id='word_1_182' title='bbox 1663 2050 1735 2086; x_wconf 87' lang='lat' dir='ltr'>que</span> 
     </span>
     <span class='ocr_line' id='line_1_24' title="bbox 333 2097 1736 2145; baseline -0.003 -8"><span class='ocrx_word' id='word_1_183' title='bbox 333 2102 522 2138; x_wconf 75' lang='lat' dir='ltr'>Froissart</span> <span class='ocrx_word' id='word_1_184' title='bbox 552 2112 574 2137; x_wconf 90' lang='lat' dir='ltr'>a</span> <span class='ocrx_word' id='word_1_185' title='bbox 600 2101 649 2137; x_wconf 78' lang='lat' dir='ltr'>du</span> <span class='ocrx_word' id='word_1_186' title='bbox 678 2100 770 2136; x_wconf 86' lang='lat' dir='ltr'>faire</span> <span class='ocrx_word' id='word_1_187' title='bbox 802 2111 934 2136; x_wconf 88' lang='lat' dir='ltr'>erreur</span> <span class='ocrx_word' id='word_1_188' title='bbox 964 2109 1013 2134; x_wconf 89' lang='lat' dir='ltr'>en</span> <span class='ocrx_word' id='word_1_189' title='bbox 1040 2098 1244 2145; x_wconf 80' lang='lat' dir='ltr'>designant</span> <span class='ocrx_word' id='word_1_190' title='bbox 1270 2098 1304 2133; x_wconf 93' lang='lat' dir='ltr'>le</span> <span class='ocrx_word' id='word_1_191' title='bbox 1333 2097 1475 2134; x_wconf 90' lang='lat' dir='ltr'>second</span> <span class='ocrx_word' id='word_1_192' title='bbox 1500 2097 1545 2133; x_wconf 90' lang='lat' dir='ltr'>de</span> <span class='ocrx_word' id='word_1_193' title='bbox 1567 2108 1630 2134; x_wconf 84' lang='lat' dir='ltr'>ces</span> <span class='ocrx_word' id='word_1_194' title='bbox 1649 2108 1736 2144; x_wconf 84' lang='lat' dir='ltr'>per-</span> 
     </span>
     <span class='ocr_line' id='line_1_25' title="bbox 334 2156 1735 2207; baseline -0.004 -11"><span class='ocrx_word' id='word_1_195' title='bbox 334 2170 526 2207; x_wconf 79' lang='lat' dir='ltr'>sonnages</span> <span class='ocrx_word' id='word_1_196' title='bbox 556 2169 705 2195; x_wconf 87' lang='lat' dir='ltr'>comme</span> <span class='ocrx_word' id='word_1_197' title='bbox 735 2172 749 2192; x_wconf 86' lang='lat'>«</span> <span class='ocrx_word' id='word_1_198' title='bbox 778 2164 890 2206; x_wconf 80' lang='lat' dir='ltr'>grant</span> <span class='ocrx_word' id='word_1_199' title='bbox 920 2158 1040 2194; x_wconf 80' lang='lat' dir='ltr'>baron</span> <span class='ocrx_word' id='word_1_200' title='bbox 1070 2157 1115 2193; x_wconf 89' lang='lat' dir='ltr'>de</span> <span class='ocrx_word' id='word_1_201' title='bbox 1136 2156 1285 2192; x_wconf 83' lang='lat' dir='ltr'>France</span> <span class='ocrx_word' id='word_1_202' title='bbox 1316 2170 1330 2189; x_wconf 68' lang='grc' dir='ltr'><strong>ι</strong></span> <span class='ocrx_word' id='word_1_203' title='bbox 1356 2162 1394 2202; x_wconf 65' lang='lat' dir='ltr'>(t.</span> <span class='ocrx_word' id='word_1_204' title='bbox 1417 2156 1467 2200; x_wconf 84' lang='grc' dir='ltr'>ΙΙ,</span> <span class='ocrx_word' id='word_1_205' title='bbox 1492 2167 1527 2203; x_wconf 91' lang='lat' dir='ltr'>p.</span> <span class='ocrx_word' id='word_1_206' title='bbox 1551 2157 1622 2201; x_wconf 78' lang='lat'>73),</span> <span class='ocrx_word' id='word_1_207' title='bbox 1647 2161 1684 2192; x_wconf 86' lang='lat' dir='ltr'>et</span> <span class='ocrx_word' id='word_1_208' title='bbox 1710 2156 1735 2191; x_wconf 90' lang='lat' dir='ltr'>il</span> 
     </span>
     <span class='ocr_line' id='line_1_26' title="bbox 334 2214 1737 2266; baseline -0.003 -12"><span class='ocrx_word' id='word_1_209' title='bbox 334 2229 492 2266; x_wconf 85' lang='lat' dir='ltr'>proposc</span> <span class='ocrx_word' id='word_1_210' title='bbox 514 2218 558 2254; x_wconf 87' lang='lat' dir='ltr'>de</span> <span class='ocrx_word' id='word_1_211' title='bbox 580 2218 789 2254; x_wconf 85' lang='lat' dir='ltr'>substituer</span> <span class='ocrx_word' id='word_1_212' title='bbox 810 2218 831 2253; x_wconf 72' lang='lat' dir='ltr'>a</span> <span class='ocrx_word' id='word_1_213' title='bbox 852 2228 894 2254; x_wconf 86' lang='lat' dir='ltr'>ce</span> <span class='ocrx_word' id='word_1_214' title='bbox 916 2227 1006 2252; x_wconf 89' lang='lat' dir='ltr'>nom</span> <span class='ocrx_word' id='word_1_215' title='bbox 1027 2216 1125 2253; x_wconf 89' lang='lat' dir='ltr'>celui</span> <span class='ocrx_word' id='word_1_216' title='bbox 1152 2215 1196 2250; x_wconf 85' lang='lat' dir='ltr'>de</span> <span class='ocrx_word' id='word_1_217' title='bbox 1219 2215 1368 2262; x_wconf 78' lang='lat' dir='ltr'>Rogue,</span> <span class='ocrx_word' id='word_1_218' title='bbox 1396 2215 1470 2251; x_wconf 85' lang='lat' dir='ltr'>sire</span> <span class='ocrx_word' id='word_1_219' title='bbox 1497 2214 1541 2251; x_wconf 89' lang='lat' dir='ltr'>de</span> <span class='ocrx_word' id='word_1_220' title='bbox 1561 2215 1737 2262; x_wconf 83' lang='lat' dir='ltr'>Hangest</span> 
     </span>
     <span class='ocr_line' id='line_1_27' title="bbox 337 2273 1736 2323; baseline -0.003 -10"><span class='ocrx_word' id='word_1_221' title='bbox 337 2279 454 2323; x_wconf 52' lang='grc' dir='ltr'>(ΗΜΛ,</span> <span class='ocrx_word' id='word_1_222' title='bbox 478 2289 512 2323; x_wconf 86' lang='lat' dir='ltr'>p.</span> <span class='ocrx_word' id='word_1_223' title='bbox 543 2288 647 2323; x_wconf 76' lang='lat' dir='ltr'>xxlx,</span> <span class='ocrx_word' id='word_1_224' title='bbox 675 2282 763 2313; x_wconf 86' lang='lat' dir='ltr'>note</span> <span class='ocrx_word' id='word_1_225' title='bbox 784 2276 832 2320; x_wconf 82' lang='lat'>6).</span> <span class='ocrx_word' id='word_1_226' title='bbox 862 2276 894 2312; x_wconf 89' lang='lat' dir='ltr'>Il</span> <span class='ocrx_word' id='word_1_227' title='bbox 913 2275 1035 2323; x_wconf 79' lang='lat' dir='ltr'>parait</span> <span class='ocrx_word' id='word_1_228' title='bbox 1056 2275 1141 2322; x_wconf 88' lang='lat' dir='ltr'>plus</span> <span class='ocrx_word' id='word_1_229' title='bbox 1169 2274 1460 2310; x_wconf 80' lang='lat' dir='ltr'>vraisemblable</span> <span class='ocrx_word' id='word_1_230' title='bbox 1481 2273 1674 2320; x_wconf 78' lang='lat' dir='ltr'>d&#39;adopter</span> <span class='ocrx_word' id='word_1_231' title='bbox 1700 2274 1736 2310; x_wconf 83' lang='lat' dir='ltr'>la</span> 
     </span>
     <span class='ocr_line' id='line_1_28' title="bbox 336 2332 1735 2382; baseline -0.004 -9"><span class='ocrx_word' id='word_1_232' title='bbox 336 2336 489 2373; x_wconf 79' lang='lat' dir='ltr'>version</span> <span class='ocrx_word' id='word_1_233' title='bbox 510 2335 555 2371; x_wconf 84' lang='lat' dir='ltr'>dc</span> <span class='ocrx_word' id='word_1_234' title='bbox 576 2341 684 2371; x_wconf 83' lang='lat' dir='ltr'>notre</span> <span class='ocrx_word' id='word_1_235' title='bbox 709 2335 934 2382; x_wconf 85' lang='lat' dir='ltr'>chronique.</span> <span class='ocrx_word' id='word_1_236' title='bbox 958 2334 1013 2369; x_wconf 86' lang='lat' dir='ltr'>La</span> <span class='ocrx_word' id='word_1_237' title='bbox 1034 2335 1240 2379; x_wconf 80' lang='lat' dir='ltr'>Clzrom&#39;que</span> <span class='ocrx_word' id='word_1_238' title='bbox 1262 2336 1464 2369; x_wconf 60' lang='lat' dir='ltr'>not-mande</span> <span class='ocrx_word' id='word_1_239' title='bbox 1485 2333 1551 2370; x_wconf 82' lang='lat' dir='ltr'>fait</span> <span class='ocrx_word' id='word_1_240' title='bbox 1571 2332 1735 2369; x_wconf 83' lang='lat' dir='ltr'>allusion</span> 
     </span>
     <span class='ocr_line' id='line_1_29' title="bbox 335 2391 1737 2440; baseline -0.003 -9"><span class='ocrx_word' id='word_1_241' title='bbox 335 2396 357 2431; x_wconf 66' lang='grc' dir='ltr'>’ξι</span> <span class='ocrx_word' id='word_1_242' title='bbox 378 2407 430 2431; x_wconf 89' lang='lat' dir='ltr'>un</span> <span class='ocrx_word' id='word_1_243' title='bbox 451 2394 548 2430; x_wconf 71' lang='lat' dir='ltr'>frere</span> <span class='ocrx_word' id='word_1_244' title='bbox 569 2394 617 2429; x_wconf 85' lang='lat' dir='ltr'>du</span> <span class='ocrx_word' id='word_1_245' title='bbox 640 2395 713 2430; x_wconf 84' lang='lat' dir='ltr'>sire</span> <span class='ocrx_word' id='word_1_246' title='bbox 734 2395 779 2430; x_wconf 87' lang='lat' dir='ltr'>de</span> <span class='ocrx_word' id='word_1_247' title='bbox 796 2394 1108 2440; x_wconf 74' lang='lat' dir='ltr'>Montmorency,</span> <span class='ocrx_word' id='word_1_248' title='bbox 1132 2393 1196 2439; x_wconf 87' lang='lat' dir='ltr'>qui</span> <span class='ocrx_word' id='word_1_249' title='bbox 1218 2392 1342 2428; x_wconf 73' lang='lat' dir='ltr'>aui-ait</span> <span class='ocrx_word' id='word_1_250' title='bbox 1364 2393 1423 2428; x_wconf 67' lang='lat' dir='ltr'>eto</span> <span class='ocrx_word' id='word_1_251' title='bbox 1441 2392 1505 2428; x_wconf 77' lang='lat' dir='ltr'>fait</span> <span class='ocrx_word' id='word_1_252' title='bbox 1519 2391 1737 2438; x_wconf 83' lang='lat' dir='ltr'>prisonnier</span> 
     </span>
     <span class='ocr_line' id='line_1_30' title="bbox 337 2450 1736 2498; baseline -0.004 -8"><span class='ocrx_word' id='word_1_253' title='bbox 337 2463 430 2490; x_wconf 78' lang='lat' dir='ltr'>avec</span> <span class='ocrx_word' id='word_1_254' title='bbox 454 2452 505 2487; x_wconf 87' lang='lat' dir='ltr'>lui</span> <span class='ocrx_word' id='word_1_255' title='bbox 532 2458 580 2498; x_wconf 84' lang='lat' dir='ltr'>(p.</span> <span class='ocrx_word' id='word_1_256' title='bbox 613 2452 685 2492; x_wconf 82' lang='grc'>47).</span> <span class='ocrx_word' id='word_1_257' title='bbox 710 2452 882 2498; x_wconf 81' lang='lat' dir='ltr'>J&#39;ignore</span> <span class='ocrx_word' id='word_1_258' title='bbox 904 2451 935 2487; x_wconf 89' lang='lat' dir='ltr'>si</span> <span class='ocrx_word' id='word_1_259' title='bbox 956 2451 989 2487; x_wconf 86' lang='lat' dir='ltr'>le</span> <span class='ocrx_word' id='word_1_260' title='bbox 1011 2451 1078 2486; x_wconf 84' lang='lat' dir='ltr'>fait</span> <span class='ocrx_word' id='word_1_261' title='bbox 1099 2457 1156 2486; x_wconf 80' lang='lat' dir='ltr'>cst</span> <span class='ocrx_word' id='word_1_262' title='bbox 1178 2451 1281 2493; x_wconf 68' lang='lat' dir='ltr'>vrai;</span> <span class='ocrx_word' id='word_1_263' title='bbox 1305 2461 1354 2486; x_wconf 89' lang='lat' dir='ltr'>en</span> <span class='ocrx_word' id='word_1_264' title='bbox 1375 2456 1457 2486; x_wconf 82' lang='lat' dir='ltr'>tout</span> <span class='ocrx_word' id='word_1_265' title='bbox 1477 2461 1554 2494; x_wconf 80' lang='lat' dir='ltr'>cas,</span> <span class='ocrx_word' id='word_1_266' title='bbox 1577 2450 1736 2486; x_wconf 79' lang='lat' dir='ltr'>Chai-les</span> 
     </span>
     <span class='ocr_line' id='line_1_31' title="bbox 337 2509 1736 2557; baseline -0.001 -10"><span class='ocrx_word' id='word_1_267' title='bbox 337 2513 382 2549; x_wconf 83' lang='lat' dir='ltr'>de</span> <span class='ocrx_word' id='word_1_268' title='bbox 398 2512 691 2557; x_wconf 74' lang='lat' dir='ltr'>Montmorency</span> <span class='ocrx_word' id='word_1_269' title='bbox 706 2511 807 2547; x_wconf 74' lang='lat' dir='ltr'>avait</span> <span class='ocrx_word' id='word_1_270' title='bbox 822 2512 922 2547; x_wconf 77' lang='lat' dir='ltr'>deux</span> <span class='ocrx_word' id='word_1_271' title='bbox 937 2512 1055 2548; x_wconf 67' lang='lat' dir='ltr'>freres</span> <span class='ocrx_word' id='word_1_272' title='bbox 1073 2523 1080 2546; x_wconf 76' lang='grc' dir='ltr'>ι</span> <span class='ocrx_word' id='word_1_273' title='bbox 1098 2510 1211 2556; x_wconf 81' lang='lat' dir='ltr'>Jean,</span> <span class='ocrx_word' id='word_1_274' title='bbox 1228 2511 1292 2557; x_wconf 85' lang='lat' dir='ltr'>qui</span> <span class='ocrx_word' id='word_1_275' title='bbox 1311 2510 1441 2546; x_wconf 80' lang='lat' dir='ltr'>devint</span> <span class='ocrx_word' id='word_1_276' title='bbox 1462 2511 1607 2557; x_wconf 75' lang='lat' dir='ltr'>cveque</span> <span class='ocrx_word' id='word_1_277' title='bbox 1627 2509 1736 2545; x_wconf 87' lang='lat' dir='ltr'>d&#39;Or-</span> 
     </span>
     <span class='ocr_line' id='line_1_32' title="bbox 339 2569 1735 2617; baseline -0.002 -10"><span class='ocrx_word' id='word_1_278' title='bbox 339 2573 465 2617; x_wconf 56' lang='lat' dir='ltr'>hians,</span> <span class='ocrx_word' id='word_1_279' title='bbox 494 2575 531 2605; x_wconf 79' lang='lat' dir='ltr'>et</span> <span class='ocrx_word' id='word_1_280' title='bbox 560 2569 753 2614; x_wconf 65' lang='lat' dir='ltr'>Mafflieu,</span> <span class='ocrx_word' id='word_1_281' title='bbox 783 2570 860 2617; x_wconf 80' lang='lat' dir='ltr'>tigc</span> <span class='ocrx_word' id='word_1_282' title='bbox 886 2570 952 2607; x_wconf 87' lang='lat' dir='ltr'>des</span> <span class='ocrx_word' id='word_1_283' title='bbox 983 2570 1183 2617; x_wconf 83' lang='lat' dir='ltr'>seigneurs</span> <span class='ocrx_word' id='word_1_284' title='bbox 1211 2569 1256 2605; x_wconf 86' lang='lat' dir='ltr'>de</span> <span class='ocrx_word' id='word_1_285' title='bbox 1284 2569 1568 2606; x_wconf 73' lang='lat' dir='ltr'>Goussainville</span> <span class='ocrx_word' id='word_1_286' title='bbox 1592 2569 1651 2615; x_wconf 78' lang='grc' dir='ltr'>(Α.</span> <span class='ocrx_word' id='word_1_287' title='bbox 1675 2569 1735 2604; x_wconf 81' lang='lat' dir='ltr'>Du</span> 
     </span>
     <span class='ocr_line' id='line_1_33' title="bbox 339 2629 1735 2675; baseline -0.003 -9"><span class='ocrx_word' id='word_1_288' title='bbox 339 2632 504 2675; x_wconf 81' lang='lat' dir='ltr'>thsne‚</span> <span class='ocrx_word' id='word_1_289' title='bbox 531 2630 686 2665; x_wconf 75' lang='grc' dir='ltr'><em>Ηίειοὶνο</em></span> <span class='ocrx_word' id='word_1_290' title='bbox 715 2633 968 2675; x_wconf 70' lang='lat' dir='ltr'>ycnealoqique</span> <span class='ocrx_word' id='word_1_291' title='bbox 994 2632 1036 2666; x_wconf 81' lang='lat' dir='ltr'>dc</span> <span class='ocrx_word' id='word_1_292' title='bbox 1066 2632 1101 2666; x_wconf 88' lang='lat' dir='ltr'>la</span> <span class='ocrx_word' id='word_1_293' title='bbox 1127 2632 1271 2666; x_wconf 72' lang='lat' dir='ltr'>maison</span> <span class='ocrx_word' id='word_1_294' title='bbox 1296 2631 1337 2665; x_wconf 78' lang='lat' dir='ltr'>de</span> <span class='ocrx_word' id='word_1_295' title='bbox 1357 2631 1626 2673; x_wconf 73' lang='lat' dir='ltr'>Moncmorency</span> <span class='ocrx_word' id='word_1_296' title='bbox 1645 2632 1676 2663; x_wconf 79' lang='lat' dir='ltr'>et</span> <span class='ocrx_word' id='word_1_297' title='bbox 1695 2629 1735 2663; x_wconf 76' lang='lat' dir='ltr'>de·</span> 
     </span>
     <span class='ocr_line' id='line_1_34' title="bbox 344 2687 785 2735; baseline -0.009 -10"><span class='ocrx_word' id='word_1_298' title='bbox 344 2691 461 2729; x_wconf 77' lang='lat' dir='ltr'>Laval,</span> <span class='ocrx_word' id='word_1_299' title='bbox 486 2700 519 2735; x_wconf 90' lang='lat' dir='ltr'>p.</span> <span class='ocrx_word' id='word_1_300' title='bbox 548 2687 611 2724; x_wconf 73' lang='lat'>196</span> <span class='ocrx_word' id='word_1_301' title='bbox 632 2692 669 2723; x_wconf 78' lang='lat' dir='ltr'>et</span> <span class='ocrx_word' id='word_1_302' title='bbox 692 2688 785 2727; x_wconf 70' lang='lat'>197).</span> 
     </span>
    </p>

    <p class='ocr_par' dir='ltr' id='par_1_6' title="bbox 388 2746 1182 2793">
     <span class='ocr_line' id='line_1_35' title="bbox 388 2746 1182 2793; baseline 0.001 -10"><span class='ocrx_word' id='word_1_303' title='bbox 388 2748 420 2783; x_wconf 62' lang='lat'>²2.</span> <span class='ocrx_word' id='word_1_304' title='bbox 445 2747 548 2793; x_wconf 45' lang='grc' dir='ltr'>Ηυξ,</span> <span class='ocrx_word' id='word_1_305' title='bbox 572 2746 768 2792; x_wconf 72' lang='lat' dir='ltr'>Belgiquc,</span> <span class='ocrx_word' id='word_1_306' title='bbox 794 2747 1032 2792; x_wconf 67' lang='lat' dir='ltr'>1›r‹»vi11co‹le</span> <span class='ocrx_word' id='word_1_307' title='bbox 1056 2748 1182 2793; x_wconf 65' lang='lat' dir='ltr'>Liege.</span> 
     </span>
    </p>
   </div>
  </div>
 </body>
</html>
