1923 3358
372 282 437 318 152
641 279 1008 313 CHRONOGRAPHIA
1036 277 1187 308 REGUM
1212 274 1488 307 FRANCORUM.
1660 272 1764 318 [1340

367 365 475 412 dam
499 361 789 410 obsidionem
814 360 1152 404 Tornacensem
1185 354 1304 402 sicut
1329 354 1623 417 promiserat,
1653 359 1764 404 Tor-

366 454 585 487 nacenses
605 436 844 499 elegerunt
864 433 982 481 duos
1003 432 1260 496 burgenses
1280 430 1449 494 quibus
1468 430 1766 494 injunxerunt

365 517 431 563 ire
450 515 508 562 ad
528 528 688 576 regem
706 511 895 559 Francie
914 515 960 558 et
980 509 1132 557 eidem
1153 507 1417 570 exprimere
1439 512 1610 554 statum
1630 524 1766 556 suum

364 599 500 654 atque
539 589 772 636 defectum
810 594 857 635 et
895 586 1130 634 miseriam
1164 584 1429 649 principum
1460 589 1506 630 et
1538 584 1765 632 baronum

364 683 573 715 suorum.
598 666 682 724 Qui
703 664 941 712 venientes
958 669 1004 711 et
1023 662 1290 710 assistentes
1307 677 1464 708 coram
1488 676 1615 724 rege,
1637 660 1767 708 dixe-

363 750 472 792 runt
512 743 553 790 ei
594 742 790 806 qualiter
828 740 1061 804 principes
1100 745 1145 786 et
1190 738 1388 785 barones
1431 737 1524 795 sui,
1570 753 1767 785 unacum

364 819 579 866 omnibus
605 818 663 865 de
690 817 891 873 civitate,
922 816 1041 863 fame
1067 815 1112 862 in
1137 814 1269 862 brevi
1296 813 1505 877 perirent
1530 820 1576 860 et
1607 813 1768 860 civitas

364 903 610 961 caperetur
631 895 716 942 nisi
744 895 962 942 festinum
989 892 1250 940 subsidium
1275 892 1340 938 eis
1366 891 1616 938 conferret.
1640 894 1768 938 Insu-

365 992 450 1039 per
475 974 693 1022 dixerunt
727 973 765 1020 ei
799 971 925 1035 quod
952 987 1108 1018 comes
1134 970 1243 1016 Faxi
1274 969 1375 1033 (sic)
1404 969 1614 1016 voluerat
1640 968 1768 1016 exire

364 1052 420 1099 de
439 1051 640 1108 civitate,
662 1050 838 1096 malens
856 1047 1003 1095 occidi
1018 1062 1159 1110 quam
1175 1046 1294 1093 fame
1313 1045 1562 1108 periclitari
1580 1051 1626 1092 et
1639 1045 1765 1108 quod

366 1128 529 1176 milicia
549 1126 715 1174 nobilis
736 1125 940 1173 existens
961 1124 1007 1170 in
1028 1123 1210 1170 civitate
1230 1122 1486 1169 mirabatur
1503 1137 1646 1184 quare
1665 1126 1767 1168 tan-

364 1212 463 1253 tum
489 1204 703 1251 tardabat
729 1202 794 1250 eis
822 1216 1115 1249 succurrere.

429 1281 603 1340 Quibus
628 1296 711 1327 rex
738 1280 882 1326 iratus
909 1276 1151 1341 respondit
1172 1275 1297 1339 quod
1318 1275 1410 1322 cito
1429 1274 1648 1321 liberaret
1665 1290 1764 1331 eos,

365 1359 470 1422 quia
498 1373 718 1422 magnum
749 1357 976 1403 honorem
1010 1353 1213 1401 fecerant
1244 1351 1349 1409 sibi,
1379 1357 1517 1414 atque
1549 1350 1769 1399 redderet

364 1437 429 1484 eis
455 1436 579 1500 leges
606 1451 722 1497 quas
748 1433 1001 1480 abstulerat
1031 1431 1096 1478 eis
1125 1436 1171 1477 et
1196 1430 1378 1477 tolleret
1407 1428 1769 1493 gubernatorem

365 1529 505 1575 quem
526 1517 764 1575 posuerat.
785 1510 962 1557 Idcirco
982 1525 1068 1555 rex
1085 1506 1308 1554 instancia
1325 1505 1627 1570 burgensium
1644 1505 1769 1552 misit

365 1589 584 1653 proprios
596 1587 787 1635 nuncios
804 1589 1062 1633 Tornacum
1083 1599 1280 1631 unacum
1295 1582 1378 1639 eis,
1398 1588 1449 1629 ut
1465 1581 1640 1629 diceret
1658 1585 1770 1629 Tor-

367 1664 641 1713 nacensibus
669 1663 795 1727 quod
822 1663 868 1709 in
894 1661 1024 1710 brevi
1053 1665 1346 1708 succurreret
1370 1659 1437 1706 eis
1463 1663 1510 1706 et
1532 1658 1658 1722 quod
1689 1659 1769 1706 tri-

366 1743 563 1790 buerent
586 1740 797 1789 soldariis
824 1739 919 1787 suis
942 1737 1153 1785 victualia
1180 1743 1224 1784 et
1249 1736 1368 1784 bene
1395 1735 1686 1783 solverentur
1711 1734 1768 1783 ab

367 1835 438 1867 eo.
467 1818 551 1876 Qui
577 1818 639 1865 ita
665 1817 890 1864 fecerunt.

432 1898 545 1944 Cum
584 1894 722 1941 etiam
760 1894 845 1940 hec
883 1892 1112 1940 scirentur
1144 1891 1201 1938 ab
1235 1890 1458 1954 Anglicis‚
1492 1906 1575 1937 rex
1608 1889 1769 1954 Anglie

367 1972 481 2019 dixit
505 1971 632 2034 quod
651 1971 739 2017 hoc
758 1986 850 2017 non
870 1970 1020 2024 fieret,
1042 1968 1123 2015 sed
1145 1968 1274 2030 prius
1299 1966 1534 2014 civitatem
1560 1966 1771 2014 destrue-

368 2052 456 2094 ret.
486 2049 604 2094 Dum
635 2062 747 2109 ergo
783 2045 827 2091 in
861 2044 1061 2092 tentorio
1088 2060 1171 2090 suo
1199 2043 1256 2090 de
1284 2043 1368 2090 hac
1394 2042 1586 2089 materia
1611 2042 1771 2105 loque-

369 2128 497 2170 retur
528 2122 632 2170 duci
666 2121 939 2178 Brabancie‚
975 2121 1173 2169 Jacobus
1211 2119 1268 2166 de
1303 2119 1563 2166 Arthevella
1598 2119 1769 2166 ibidem

370 2199 608 2254 assistens,
643 2199 761 2246 dixit
794 2199 833 2246 ei
869 2197 995 2260 quod
1033 2203 1188 2260 preter
1220 2213 1327 2243 eum
1362 2196 1503 2243 ceteri
1538 2196 1770 2260 principes

371 2275 542 2323 multos
566 2276 765 2322 assultus
791 2276 995 2323 fecerant
1021 2280 1181 2322 contra
1207 2274 1439 2321 civitatem
1459 2279 1503 2320 et
1525 2272 1650 2336 quod
1671 2272 1769 2335 ipse

371 2351 524 2398 minus
547 2352 762 2400 omnibus
789 2352 973 2399 fecerat.
999 2350 1193 2409 Quidam
1215 2366 1327 2397 vero
1354 2349 1485 2396 miles
1511 2349 1642 2396 ducis
1660 2351 1770 2396 Bra-

372 2427 549 2484 bancie,
579 2427 666 2474 hoc
694 2428 900 2486 audiens,
930 2445 1036 2476 cum
1064 2428 1129 2474 ira
1156 2427 1275 2475 dixit
1299 2427 1339 2474 ei
1366 2426 1493 2490 quod
1518 2430 1720 2473 cessaret
1744 2442 1770 2470 a

375 2504 541 2553 talibus
579 2510 624 2551 et
663 2504 747 2551 iret
789 2505 1058 2553 Gandavum
1100 2504 1158 2552 ad
1199 2503 1536 2551 conficiendum
1576 2504 1686 2549 mies
1724 2506 1770 2548 et

374 2581 499 2644 quod
538 2580 612 2627 tali
650 2580 821 2627 homini
860 2599 951 2629 non
990 2582 1243 2645 pertineret
1278 2587 1458 2628 tantum
1491 2578 1763 2626 dominium.

375 2661 516 2714 Quem
550 2656 704 2704 statim
730 2657 926 2706 ,Iacobus
952 2659 1010 2706 de
1035 2659 1165 2705 hasta
1192 2675 1271 2705 seu
1298 2657 1446 2704 securi
1474 2653 1696 2720 percussit
1725 2660 1767 2700 et

374 2733 556 2780 occidit.
