1923 3358
377 263 444 300 ‘276
649 262 1020 295 CHRONOGRAPHIA
1046 261 1199 293 REGUM
1223 261 1501 293 FRANCORUM.
1674 257 1778 304 [1358

439 348 666 406 Tempore
689 341 766 388 illo
788 341 903 388 facta
925 345 996 387 est
1019 339 1245 387 nobilium
1265 339 1323 386 de
1343 339 1542 387 diversis
1567 341 1779 404 partibus

374 419 577 467 maxima
602 417 919 482 congregatio,
945 435 971 463 a
992 416 1162 479 quibus
1182 416 1332 480 patria
1351 416 1603 464 Belvacesii
1628 417 1782 464 incen-

373 497 461 544 diis
487 501 534 544 et
560 494 869 542 occisionibus
895 499 1073 541 vastata
1093 499 1162 540 est
1185 511 1193 539 :
1220 509 1328 540 nam
1349 493 1497 540 incole
1523 494 1622 557 ejus
1644 493 1782 540 occisi

372 589 454 620 seu
489 572 669 636 expulsi
704 577 811 619 sunt
845 577 892 618 et
925 587 1090 618 eorum
1128 571 1251 617 bona
1285 570 1471 633 penitus
1499 569 1780 633 depredata.

373 652 498 697 Tunc
535 666 723 714 regens,
766 647 1062 713 congregatis
1098 647 1332 695 nobilibus
1377 663 1524 710 usque
1564 646 1622 694 ad
1660 663 1786 694 sum-

372 743 498 774 mam
522 736 614 774 XLM
639 732 719 773 aut
753 724 997 789 amplius¹‚
1032 724 1142 772 abiit
1177 741 1376 773 unacum
1407 723 1496 772 illis
1525 729 1631 771 ante
1659 723 1785 771 Pari-

373 804 467 852 sius
494 809 541 851 et
566 803 751 851 obsedit
777 804 928 851 eam2.

436 881 503 928 Ibi
525 880 584 928 ab
607 879 769 927 amicis
794 879 1041 943 requisivit
1062 878 1305 926 consilium
1335 878 1534 942 qualiter
1564 894 1786 943 guerram

373 973 504 1005 suam
546 961 872 1004 manuteneret
917 960 1079 1002 contra
1129 955 1287 1002 hostes
1333 971 1460 1002 suos.
1505 958 1673 1002 Datum
1717 960 1788 1001 est

372 1040 528 1082 autem
555 1034 596 1081 ei
622 1033 865 1081 consilium
886 1032 1015 1096 quod
1037 1032 1075 1079 si
1092 1032 1267 1080 bellum
1285 1032 1458 1080 feceret
1478 1037 1640 1079 contra
1659 1031 1786 1079 Pari-

372 1110 547 1158 sienses
573 1114 621 1157 et
649 1109 858 1156 vinceret
885 1125 965 1156 eos
987 1114 1033 1155 et
1059 1113 1170 1155 tunc
1197 1107 1235 1155 si
1264 1108 1549 1155 consentiret
1574 1108 1788 1155 destruc-

372 1187 486 1234 tioni
512 1186 728 1242 civitatis,
768 1186 967 1233 multum
1000 1184 1277 1232 mirabiliter
1307 1185 1559 1242 amitteret,
1598 1186 1790 1248 insuper

373 1265 420 1311 in
454 1264 663 1311 futurum
698 1263 798 1326 ipse
831 1262 1011 1309 doleret
1043 1269 1087 1309 et
1123 1268 1256 1326 pater
1291 1262 1390 1327 ejus
1419 1262 1652 1311 ,Iohannes
1682 1278 1785 1318 rex,

374 1340 452 1404 qui
481 1340 795 1387 incarceratus
828 1344 929 1386 erat
960 1339 1005 1386 in
1034 1339 1215 1403 Anglia.
1249 1338 1291 1386 Si
1324 1346 1477 1387 autem
1506 1339 1607 1402 ipse
1633 1338 1790 1386 vince-

374 1424 521 1474 retur,
558 1416 646 1464 nisi
676 1422 958 1473 moreretur,
993 1416 1095 1479 ipse
1132 1422 1256 1464 esset
1296 1416 1343 1462 in
1379 1416 1638 1479 periculum
1677 1415 1789 1478 quin

376 1494 691 1558 expelleretur
719 1493 778 1541 de
809 1509 957 1558 regno
984 1493 1192 1549 Francie,
1227 1493 1448 1556 quoniam
1475 1509 1559 1541 rex
1584 1496 1789 1540 Navarre

376 1587 516 1634 quem
540 1571 610 1618 sui
633 1569 836 1618 Parisius
861 1575 1120 1617 statuerant
1140 1569 1523 1634 gubernatorem,
1555 1568 1790 1617 nitebatur

376 1664 483 1694 eum
509 1646 850 1694 exhereditare.
881 1646 954 1694 Sic
983 1663 1097 1711 ergo
1126 1646 1390 1694 advisatum
1422 1653 1493 1693 est
1525 1662 1612 1709 per
1641 1645 1792 1693 consi-

377 1724 490 1771 lium
519 1724 645 1787 quod
679 1740 772 1787 pax
806 1729 1001 1770 tractata
1033 1729 1104 1770 est
1135 1723 1256 1770 inter
1282 1729 1522 1788 regentem
1556 1729 1602 1770 et
1628 1738 1790 1787 regem

377 1804 598 1857 Navarre,
623 1801 864 1864 fixumque
886 1806 957 1848 est
976 1800 1232 1848 tentorium
1252 1800 1297 1847 in
1319 1817 1485 1864 campo
1507 1801 1628 1848 inter
1649 1799 1793 1848 abba-

377 1877 497 1924 ciam
517 1877 670 1924 Sancti
696 1877 915 1924 Anthonii
937 1883 982 1924 et
1003 1894 1167 1925 nemus
1187 1879 1518 1935 Vicenarum33
1548 1884 1595 1926 et
1621 1894 1792 1926 conve-

378 1960 548 2001 nerunt
574 1954 679 2001 illuc
705 1954 917 2001 homines
953 1971 1011 2001 ex
1049 1960 1246 2018 utraque
1273 1962 1405 2019 parte
1439 1954 1599 2018 ibique
1629 1970 1793 2019 pacem

379 2032 792 2079 confirmaverunt.
821 2031 996 2079 Deinde
1023 2031 1237 2079 abierunt
1262 2032 1320 2079 ad
1343 2032 1497 2079 villam
1515 2031 1669 2080 Sancti
1686 2031 1794 2080 Dio-

379 2108 482 2155 nisii
503 2125 671 2173 regens
691 2115 736 2156 et
754 2125 839 2156 rex
858 2112 1082 2167 Navarre,
1113 2109 1193 2172 qui
1220 2109 1393 2157 multos
1411 2109 1630 2174 Anglicos
1655 2109 1792 2157 dimi-

381 2193 506 2233 serat
526 2186 745 2234 Parisius.

447 2264 582 2309 Facta
609 2268 680 2310 est
702 2267 858 2310 autem
878 2262 1112 2311 discencio
1132 2262 1253 2310 inter
1272 2262 1401 2326 ipsos
1423 2267 1469 2310 et
1489 2262 1788 2319 Parisienses‚

434 2400 466 2436 1.
489 2399 561 2434 Les
595 2401 756 2437 Grandes
792 2402 1016 2446 Chroniques
1048 2402 1088 2446 (t.
1117 2400 1186 2445 VI,
1221 2411 1257 2447 p.
1290 2400 1368 2445 1119)
1401 2399 1553 2447 parlent
1586 2399 1632 2436 de
1665 2404 1792 2436 trente

385 2458 490 2494 mille
517 2459 703 2494 chevaux.
728 2460 782 2495 La
806 2461 1015 2505 Chronique
1042 2461 1246 2495 normannie
1269 2461 1316 2506 (p.
1343 2459 1420 2505 13⁶2)
1444 2458 1571 2495 donne
1600 2459 1632 2494 lc
1657 2458 1791 2495 chiffre

386 2516 431 2553 de
455 2530 470 2550 <‹
493 2528 515 2551 x
536 2527 584 2552 ou
607 2528 655 2551 xn
677 2518 743 2552 mil
767 2518 913 2564 [nobles
935 2518 1124 2563 hommes]
1148 2523 1184 2554 et
1207 2523 1337 2554 autres
1364 2528 1459 2564 gens
1481 2516 1721 2553 combatans.
1746 2529 1762 2548 ι»

434 2577 467 2612 ⁶2.
492 2576 543 2612 Le
564 2577 699 2622 regent
721 2587 760 2611 sc
781 2578 850 2613 mit
871 2589 921 2613 en
942 2579 1100 2614 marche
1123 2589 1189 2614 sur
1210 2577 1320 2613 Paris
1348 2577 1381 2613 le
1403 2577 1446 2613 ‘23
1466 2576 1567 2623 juin,
1586 2582 1623 2613 et
1639 2575 1672 2611 le
1688 2574 1732 2611 29
1753 2585 1792 2610 se

390 2635 497 2682 logea
512 2636 599 2682 pres
613 2634 662 2670 du
678 2640 768 2681 pont
783 2636 827 2670 de
843 2637 1066 2673 Cliarenton
1080 2637 1255 2683 (Grandes
1272 2637 1506 2682 chronique&
1523 2642 1550 2672 t.
1565 2634 1635 2680 VI,
1647 2646 1682 2681 p.
1700 2634 1790 2679 119).

438 2695 471 2729 3.
497 2708 512 2727 «
535 2694 594 2730 En
617 2705 667 2730 un
697 2693 770 2729 lieu
799 2706 870 2740 que
892 2696 967 2731 l'en
994 2696 1047 2732 (lit
1070 2696 1103 2732 le
1132 2695 1466 2732 Moulin-a-Vent.
1490 2708 1506 2728 »
1530 2694 1636 2730 Cette
1662 2699 1795 2730 entre-

393 2764 464 2789 vuc
485 2758 549 2789 eut
576 2753 651 2788 lieu
673 2753 707 2788 lc
734 2754 753 2789 S
772 2753 898 2800 juillet
921 2755 1009 2791 1358
1033 2756 1208 2799 (Grandes
1232 2756 1469 2799 Chroniques‚
1495 2760 1520 2790 t.
1546 2752 1615 2797 VI,
1638 2764 1672 2799 p.
1698 2753 1792 2798 120).
