1923 3358
130 273 219 310 1337
234 279 271 310 et
287 274 389 320 1338]
413 277 783 312 CHRONOGRAPHIA
809 279 961 311 REGUM
986 279 1262 311 FRANCORUM.
1480 275 1522 311 47

191 361 280 404 Iste
306 375 412 405 curn
434 359 640 406 elevatus
660 363 800 414 esset,
825 359 1124 422 congregavit
1144 357 1521 405 communitatem

123 433 255 480 ville1
285 439 331 480 et
356 434 559 481 ostendit
594 434 660 480 eis
688 433 925 496 quomodo
957 433 1055 480 sine
1087 450 1197 498 rege
1231 433 1393 497 Anglie
1430 449 1523 479 non

123 516 341 573 poterant
366 511 542 567 vivere,
571 526 627 556 eo
653 510 779 573 quod
806 516 902 557 tota
934 510 1147 558 Flandria
1179 510 1366 558 fundata
1401 515 1523 557 esset

122 587 170 634 in
204 588 474 651 operatione
505 602 790 650 pannorum,
823 603 876 633 ac
908 587 1006 634 sine
1037 587 1152 635 lanis
1183 605 1276 635 non
1307 591 1523 651 poterant

122 663 273 712 facere
298 680 495 728 pannos.
524 662 634 710 Ideo
659 662 875 710 laudabat
901 662 966 709 eis
990 669 1149 711 tenere
1176 681 1335 728 regem
1362 663 1521 728 Anglie

121 739 168 786 in
204 740 273 787 sui
308 739 550 786 dilectione
582 744 629 786 et
664 755 850 795 amore3
888 755 1144 801 omnesque
1178 740 1523 802 responderunt

121 816 246 879 quod
261 816 379 863 bene
394 816 606 878 placebat
619 816 701 872 eis,
721 816 803 863 sed
818 832 904 863 rex
920 816 1082 880 Anglie
1098 816 1382 864 deffenderat
1396 817 1522 881 quod

119 892 220 940 lane
245 909 338 940 non
363 892 642 940 afferrentur
669 892 715 939 in
742 892 1023 940 Flandriam.

183 974 374 1033 Quando
394 975 494 1037 ipse
515 979 538 1023 J
543 975 715 1022 acobus
740 975 799 1023 de
818 976 1080 1023 Arthevella
1099 976 1216 1023 vidit
1236 976 1362 1039 quod
1381 976 1522 1023 habe-

117 1050 198 1097 bat
231 1067 472 1098 assensum
504 1051 903 1108 Gandavensium‚
939 1052 1232 1116 congregatis
1267 1052 1361 1098 suis
1398 1051 1523 1098 venit

117 1128 305 1193 Brugis3
341 1146 459 1192 quos
490 1132 752 1192 Brugenses
787 1135 1066 1192 receperunt
1100 1129 1375 1193 gaudenter.
1413 1132 1523 1175 Pos—

116 1210 190 1252 tea
210 1205 395 1252 iverunt
414 1205 473 1252 ad
493 1209 719 1269 Yppram,
742 1206 964 1270 Berghes,
988 1206 1238 1254 Cassellum
1259 1212 1305 1253 et
1325 1210 1517 1259 Furnas,

117 1287 163 1328 et
188 1298 352 1329 omnes
385 1282 705 1329 obedienciam
738 1283 1057 1345 promiserunt
1087 1283 1191 1330 sibi.
1222 1282 1382 1330 Nuncii
1409 1298 1521 1328 vero

116 1359 240 1423 regis
261 1358 422 1423 Anglie
443 1359 531 1405 hoc
551 1359 764 1414 scientes,
790 1359 997 1406 fecerunt
1017 1359 1293 1424 congregari
1318 1363 1415 1406 tres
1437 1358 1523 1405 vil—

115 1436 182 1483 las
219 1435 266 1481 in
304 1435 523 1483 Gandavo
561 1441 607 1482 et
649 1435 712 1482 ibi
751 1436 1056 1484 ostenderunt
1093 1437 1158 1483 eis
1196 1435 1394 1498 qualiter
1437 1451 1521 1481 rex

114 1511 275 1576 Anglie
300 1518 399 1559 erat
429 1513 669 1576 potencior
695 1513 904 1560 omnium
931 1514 1296 1561 Christianorum
1320 1518 1365 1559 et
1390 1511 1518 1575 quod

114 1589 201 1635 nisi
228 1595 324 1636 tres
350 1590 454 1636 ville
486 1589 697 1636 Flandrie
726 1589 1025 1654 alligarentur
1051 1590 1187 1637 simul
1218 1595 1264 1636 et
1298 1593 1519 1652 caperent

113 1666 322 1730 regimen
342 1666 554 1714 Flandrie
577 1683 659 1713 sua
682 1666 971 1724 fortitudine,
997 1683 1155 1714 comes
1180 1666 1260 1729 qui
1281 1682 1386 1713 cum
1409 1681 1518 1728 rege

112 1746 397 1790 Francorum
418 1749 534 1800 erat,
559 1759 651 1789 non
677 1742 933 1790 dimitteret
958 1759 1039 1790 eos
1057 1743 1207 1790 facere
1229 1741 1515 1789 voluntatem

113 1837 268 1876 suam3
292 1826 337 1866 et
357 1820 566 1866 fecerunt
587 1819 650 1866 ibi
670 1826 857 1882 pactum
884 1819 1019 1866 simul
1044 1836 1129 1882 per
1155 1819 1295 1866 fidem
1321 1823 1368 1864 et
1390 1817 1516 1881 jura-

112 1902 340 1953 mentum,
373 1902 594 1960 presente
620 1896 788 1943 comite
815 1896 1015 1953 Ghelrie,
1047 1900 1094 1942 et
1118 1895 1272 1943 taliter
1302 1893 1516 1942 confede-

110 1974 198 2021 rati
218 1979 325 2021 sunt
345 1973 471 2036 quod
497 1981 659 2038 gentes
685 1973 868 2020 comitis
894 1972 1106 2021 Flandrie
1133 1971 1269 2019 nichil
1295 1974 1517 2034 poterant

112 2057 273 2099 contra
298 2067 378 2098 eos
393 2052 429 2097 2.

110 2210 284 2246 mention
300 2210 345 2246 de
359 2222 402 2247 ce
416 2210 605 2258 mariage;
624 2222 672 2247 en
686 2216 769 2248 tout
785 2222 864 2256 cas,
882 2210 939 2247 s'il
955 2210 1057 2247 avait
1077 2211 1217 2257 epouse
1239 2214 1339 2246 cette
1359 2209 1512 2255 femme,

110 2270 137 2305 il
158 2269 238 2305 faut
258 2269 445 2305 admettre
466 2270 602 2317 qu’clle
624 2276 778 2307 mourut
800 2281 906 2306 assez
927 2272 996 2315 tob,
1013 2281 1092 2316 car,
1107 2269 1129 2304 a
1150 2269 1320 2316 l'epoque
1336 2269 1401 2316 qui
1416 2279 1512 2305 nous

111 2338 268 2374 occupe,
291 2339 333 2363 sa
354 2328 493 2364 femme
514 2328 606 2364 etait
627 2329 846 2374 Catherine,
870 2329 945 2364 fille
967 2328 1010 2363 de
1034 2328 1172 2364 Sohier
1191 2328 1236 2363 de
1257 2327 1446 2364 Courtrai.

159 2394 191 2429 1.
214 2394 268 2429 La
294 2393 453 2429 reunion
483 2399 547 2429 eut
574 2394 649 2430 lieu
677 2395 712 2429 le
738 2395 782 2430 28
810 2393 1011 2430 decembre
1040 2394 1127 2430 1337
1149 2393 1245 2429 dans
1270 2393 1304 2429 le
1325 2394 1442 2440 preau
1463 2392 1511 2427 du

109 2453 328 2488 monastere
343 2452 440 2488 dela
456 2453 605 2489 Biloke.
622 2453 674 2489 Le
696 2454 715 2489 3
733 2453 886 2499 janvier
907 2453 1011 2499 1338,
1031 2453 1175 2500 Jaques
1191 2451 1434 2489 d'Artevelde
1457 2451 1512 2487 fut

108 2511 170 2547 elu
198 2523 265 2557 par
292 2512 328 2546 la
353 2522 557 2548 commune
578 2512 623 2547 de
652 2512 762 2548 Gand
789 2524 836 2547 au
864 2518 1169 2559 gouvernement
1191 2511 1391 2559 superieur
1411 2510 1455 2546 de
1476 2510 1513 2545 la

108 2569 196 2606 ville
227 2570 399 2616 (Kervyn
425 2569 469 2604 de
497 2570 750 2616 Lettenliove,
781 2571 937 2606 Histoire
963 2572 1003 2606 de
1028 2573 1198 2612 Flandre,
1227 2576 1254 2606 t.
1282 2570 1353 2615 ΙΙΙ,
1382 2580 1417 2615 p.
1446 2567 1511 2603 186

108 2628 243 2665 et187.
267 2628 321 2664 Cf.
346 2627 552 2673 Froissart‚
575 2627 632 2663 ed.
657 2627 774 2674 Luce,
797 2632 824 2663 t.
846 2628 877 2673 Ι,
899 2640 934 2675 p.
958 2629 1024 2666 126
1044 2629 1066 2664 ὲ
1087 2630 1165 2674 130,
1189 2628 1255 2665 388
1277 2628 1298 2663 ὲ.
1321 2627 1415 2673 396).

155 2692 189 2729 2.
212 2693 312 2729 Tout
333 2692 415 2729 ceci
435 2697 493 2728 est
512 2693 591 2728 tres
612 2697 722 2729 exact
746 2706 753 2728 2
777 2693 811 2729 le
833 2698 956 2730 comte
977 2694 1021 2730 de
1043 2694 1223 2738 Gueldre,
1246 2694 1511 2740 representant

109 2751 159 2787 (lu
180 2751 235 2787 roi
256 2749 537 2798 d'Angleterre,
559 2751 669 2798 signa
689 2751 723 2787 le
747 2752 798 2786 1⁰¹·
817 2752 958 2790 fevrier
984 2753 1073 2789 1338
1102 2754 1153 2800 (n.
1177 2753 1254 2798 st),
1275 2752 1297 2787 ἐι
1318 2750 1509 2797 Louvain,
