1923 3358
57 284 160 343 1340]
334 299 704 332 GHRONOGRAPHIA
730 298 882 332 REGUM
907 300 1184 332 FRANCORUM.
1392 295 1456 331 145

54 398 131 428 cea
158 386 427 445 penetratus
459 381 656 438 interiit;
691 380 857 428 deinde
884 385 1047 429 Petrus
1078 381 1328 445 evaginans
1360 380 1457 444 gla-

54 459 184 506 dium
203 458 258 505 ad
280 458 652 522 recuperandum
672 476 814 522 super
833 459 1123 522 episcopum,
1145 464 1192 505 et
1210 458 1457 522 episcopus

53 536 206 582 subito
227 536 504 599 perterritus
525 535 756 591 clamavit,
781 535 972 599 ejusque
994 535 1205 582 homines
1228 535 1322 582 fere
1344 552 1458 598 qua-

52 611 252 676 drigenti
289 612 400 676 (sic)
435 618 627 675 repente
658 612 1040 675 supervenientes
1071 613 1239 660 acriter
1269 616 1458 660 Petrum

51 705 156 736 cum
184 689 279 736 suis
304 688 591 735 invaserunt.

116 765 325 813 Collectis
351 770 506 812 autem
531 765 575 811 in
602 780 747 811 unum
775 764 972 822 Gallicis,
1001 765 1182 812 sortiter
1208 764 1458 814 dimicave-

49 848 158 890 runt
183 847 344 890 contra
370 858 469 899 eos,
504 861 524 886 (ι
555 846 829 888 montonem
860 861 880 886 ι)
911 841 1270 899 vociferantes¹;
1300 842 1457 906 ibique

49 918 180 966 multi
207 924 314 965 sunt
339 917 477 965 occisi
496 922 543 964 et
568 917 766 980 plurima
786 917 984 965 tentoria
1006 923 1259 981 prostrata.
1290 921 1456 966 Petrus

47 1012 179 1051 vero,
209 1011 403 1042 suorum
429 993 600 1042 auxilio
626 994 888 1058 prevalens,
920 994 1196 1042 tumultibus
1220 994 1455 1042 exercitus

48 1070 317 1134 principalis
335 1070 576 1126 attonitus,
602 1069 959 1133 percipiensque
986 1070 1228 1118 dominum
1250 1070 1308 1118 de
1328 1073 1456 1118 Mou-

48 1146 180 1203 brau,
210 1146 493 1194 Richardum
520 1146 577 1194 de
604 1145 855 1203 Limosino,
885 1147 1078 1194 Alanum
1100 1146 1158 1193 de
1186 1146 1456 1210 Syrehonde

47 1238 152 1269 cum
187 1223 310 1269 mille
345 1228 389 1269 et
425 1222 778 1286 quadringentis
814 1222 1082 1286 sagittariis,
1121 1222 1362 1269 venientes
1397 1221 1455 1268 ad

46 1299 413 1346 succurrendum
440 1299 678 1362 episcopO,
717 1315 823 1346 cum
849 1299 944 1346 suis
977 1315 1221 1363 regressus
1255 1304 1324 1346 est
1351 1314 1457 1344 ver-

47 1392 125 1423 sus
150 1380 425 1433 Tornacum,
455 1376 753 1439 insequentes
781 1375 1077 1423 debellando.

110 1456 327 1518 Ingressu
359 1470 559 1516 namque
592 1454 735 1500 multa
768 1453 892 1516 passi
925 1460 1055 1509 sunt,
1091 1452 1312 1516 quoniam
1346 1451 1456 1498 dicti

45 1529 215 1577 milites
246 1546 352 1577 cum
385 1529 635 1593 sagittariis
666 1546 746 1577 eos
779 1530 1112 1593 inquietabant,
1142 1530 1203 1577 ita
1230 1535 1282 1577 ut
1307 1535 1456 1576 retro-

45 1606 271 1663 cedendo,
303 1607 504 1670 plurima
536 1607 655 1654 facta
687 1623 926 1654 armorum
960 1613 1118 1654 contra
1154 1623 1234 1654 eos
1265 1607 1451 1663 inirent,

46 1700 225 1731 necnon
265 1701 370 1732 cum
408 1701 577 1749 magna
615 1684 883 1732 difficultate
920 1690 1149 1732 venerunt
1179 1683 1237 1731 ad
1270 1689 1456 1747 portam

44 1776 134 1823 que
151 1760 340 1824 respicit
354 1760 413 1808 ad
424 1761 738 1817 ValencianaS,
753 1761 830 1808 ubi
847 1767 980 1808 erant
994 1761 1253 1825 burgenses
1268 1759 1452 1815 armati,

43 1837 119 1901 qui
157 1844 343 1901 portam
381 1838 446 1886 eis
484 1844 780 1902 aperuerant,
815 1845 861 1885 et
895 1838 961 1886 eis
993 1837 1313 1886 subvenerunt
1346 1853 1454 1884 cum

45 1930 212 1979 magna
238 1914 581 1963 balistariorum
609 1915 874 1963 comitiva2.

108 1992 254 2037 Porro
295 1991 496 2055 Anglici,
541 1991 789 2056 Flamingi,
833 1991 1152 2038 Hanonienses
1193 1995 1239 2036 et
1274 1989 1454 2036 Almani

45 2066 149 2113 illuc
180 2073 493 2115 commeantes
528 2074 855 2124 accurrerunt3
894 2084 1093 2130 cumque
1131 2067 1263 2113 ferox
1300 2082 1454 2129 pugna

45 2142 219 2190 ibidem
252 2144 401 2199 fieret,
432 2144 688 2193 Richardus
719 2145 778 2192 de
804 2144 1038 2193 Limosino
1071 2144 1149 2206 qui
1180 2144 1312 2207 juxta
1346 2160 1455 2206 por-

44 2226 138 2267 tam
172 2227 293 2276 erat,
329 2221 525 2268 multum
556 2222 722 2269 habilis
754 2222 797 2268 in
832 2228 931 2268 arte
965 2220 1233 2284 sagittandi,
1270 2219 1455 2282 prospi-

45 2297 170 2344 ciens
208 2300 396 2345 Petrum
436 2298 493 2345 dc
530 2299 844 2355 Roussillone,
889 2298 1105 2362 sagittam
1147 2302 1309 2345 contra
1347 2312 1453 2343 eum

96 2434 125 2468 1.
150 2432 202 2468 Le
214 2432 334 2468 baron
348 2432 507 2479 Kervyn
520 2432 564 2469 de
577 2433 817 2469 Lettenhove
829 2434 953 2474 (Istore
964 2435 996 2467 et
1008 2434 1198 2476 cronz'ques
1210 2431 1250 2465 de
1262 2431 1451 2471 Mandros,

46 2496 72 2528 t.
94 2491 125 2535 I,
147 2503 183 2538 p.
208 2491 288 2533 597,
312 2493 412 2535 note)
440 2491 514 2528 cite
535 2503 588 2527 un
608 2503 769 2539 passage
793 2491 906 2527 d’une
927 2491 1175 2527 ordonnance
1197 2489 1242 2526 de
1262 2489 1386 2525 Henri
1403 2488 1451 2534 V,

48 2550 102 2586 roi
128 2549 412 2597 d’Angleterre,
440 2550 672 2586 interdisant
699 2550 794 2585 dans
816 2561 886 2586 son
907 2550 1036 2586 armee
1064 2563 1079 2581 ιι
1106 2549 1215 2584 illum
1243 2548 1451 2584 clamorem

50 2623 65 2642 a
88 2620 202 2657 quem
235 2613 398 2644 mountc‘e
428 2609 664 2656 appellamus
691 2623 705 2642 >³
739 2609 803 2656 qui
830 2615 919 2656 peut
946 2621 971 2656 y
995 2619 1131 2645 causer
1156 2607 1222 2643 des
1248 2606 1450 2653 paniques.

48 2667 137 2704 Geci
160 2679 208 2704 ne
228 2668 282 2703 dit
302 2679 369 2715 pas
390 2667 584 2704 d’ailleurs
607 2680 649 2705 ce
671 2668 831 2716 qu’etait
852 2679 896 2704 ce
918 2668 986 2704 cri.

95 2726 128 2762 2.
151 2726 219 2762 Cet
239 2732 368 2763 assant
389 2731 453 2763 eut
475 2727 550 2762 lieu
579 2727 612 2763 le
637 2728 680 2764 ’28
706 2729 809 2773 aeut,
839 2727 992 2763 suivant
1020 2727 1053 2762 le
1080 2726 1198 2762 baron
1222 2725 1382 2770 Kervyn
1409 2722 1453 2758 de

50 2784 286 2822 Lettenhove
309 2787 526 2829 (Froissart,
549 2794 575 2821 t.
599 2787 670 2832 HI,
693 2798 727 2833 p.
752 2787 846 2823 50(st

195 2849 224 2880 Il
1271 2843 1312 2878 ‘lo
