1923 3358
160 275 264 322 1329]
435 278 804 311 CHRONOGRAPHIA
831 279 982 310 REGUM
1007 278 1283 310 FRANCORUM.
1514 276 1554 311 13

221 358 332 403 Post
368 372 634 420 regressum
668 356 791 420 regis
825 355 1041 412 Parisius,
1077 354 1292 402 dominus
1328 353 1559 402 Robertus

157 432 216 480 de
248 434 486 491 Arthesio‚
524 434 816 498 congregatis
851 434 1063 496 plurimis
1097 433 1349 487 nobilibus,
1390 432 1560 480 scilicet

157 510 324 557 comite
359 510 704 567 Alectonnensi‚
742 510 884 556 fratre
921 509 1066 572 regis,
1103 509 1219 557 duce
1249 509 1482 556 Britannie
1513 515 1559 556 et

156 587 368 649 pluribus
392 586 489 633 aliis
515 585 585 632 sui
611 585 813 649 generis,
845 585 972 630 venit
1002 584 1059 630 ad
1093 601 1270 649 regem,
1300 585 1560 648 deposcens

157 663 427 710 comitatum
450 661 666 717 Arthesii‚
697 661 777 723 qui
808 661 866 708 ad
892 661 1063 724 ipsum,
1094 666 1146 708 ut
1173 661 1427 717 asserebat,
1454 661 1559 725 jure

158 738 437 786 hereditario
464 737 744 801 pertinebat.
775 737 883 784 Ideo
914 754 998 784 rex
1028 737 1133 784 fecit
1161 737 1393 801 adjornari
1419 739 1561 785 comi-

155 814 317 862 tissam
335 813 553 870 Arthesii‚
577 819 627 861 ut
646 812 746 876 ipsa
763 818 810 860 et
835 812 985 860 dictus
1010 812 1242 860 Robertus
1259 814 1562 861 convenirent

154 891 356 938 insimul.
381 890 622 938 Comitissa
648 907 760 954 ergo
786 890 913 937 venit
938 890 1156 947 Parisius‚
1179 890 1381 937 aducens
1403 907 1561 938 secum

156 967 384 1024 Odonem,
421 967 587 1015 ducem
622 967 887 1031 Burgundie
920 983 974 1014 ac
1005 966 1308 1024 Ludovicum,
1345 967 1561 1014 comitem

153 1043 411 1091 Flandrie1.
449 1043 660 1091 Ostendit
695 1049 848 1090 autem
882 1043 1032 1090 dictus
1068 1044 1301 1092 Robertus
1336 1043 1560 1106 quasdam

155 1120 330 1167 litteras
352 1120 499 1184 sigillo
519 1120 727 1176 Roberti,
752 1120 934 1168 comitis
954 1121 1172 1177 Arthesii,
1197 1121 1432 1185 sigillatas,
1454 1137 1562 1167 cou-

154 1197 354 1244 tinentes
391 1196 535 1260 quod,
570 1196 757 1260 quando
794 1197 1141 1244 matrimonium
1178 1197 1261 1244 fuit
1295 1197 1467 1244 factum
1504 1197 1560 1244 de

155 1272 367 1336 Philippo
386 1272 444 1319 de
469 1272 699 1329 Arthesio,
729 1279 861 1336 patre
881 1272 990 1320 dicti
1012 1273 1203 1321 Roberti
1232 1278 1278 1320 et
1297 1273 1355 1321 de
1375 1272 1561 1321 domina

154 1350 368 1405 Blancha,
397 1349 487 1396 filia
513 1350 635 1396 Petri
663 1349 720 1396 de
746 1349 997 1407 Britannia,
1029 1366 1187 1397 comes
1212 1349 1342 1397 dedit
1373 1350 1439 1397 eis
1466 1350 1562 1397 dic-

154 1432 253 1473 tum
279 1426 567 1473 comitatum.
595 1426 836 1473 Comitissa
857 1443 986 1490 ergo,
1013 1443 1123 1474 mox
1146 1432 1198 1474 ut
1218 1426 1334 1473 vidit
1360 1433 1404 1474 et
1429 1427 1562 1474 intel-

152 1501 266 1549 lexit
282 1501 473 1558 litteras,
490 1501 766 1564 supplicavit
782 1502 877 1566 regi
892 1502 1017 1564 quod
1033 1502 1214 1549 saisiret
1227 1519 1322 1560 eas,
1340 1503 1562 1565 quoniam

153 1576 423 1625 intendebat
455 1594 720 1641 proponere
756 1594 780 1624 e
816 1584 994 1625 contra.
1035 1578 1288 1626 Confestim
1319 1578 1560 1626 decretum

155 1661 226 1703 est
245 1671 330 1718 per
348 1661 580 1702 arrestum
600 1654 727 1718 quod
748 1654 898 1702 littere
919 1661 1215 1702 remanerent
1235 1655 1359 1719 apud
1380 1672 1557 1719 regem.

154 1732 398 1797 Assignata
429 1739 499 1780 est
525 1731 624 1779 dies
648 1732 790 1779 altera
816 1731 862 1778 in
890 1749 981 1795 qua
1010 1732 1242 1780 comitissa
1274 1748 1559 1795 responsura

157 1815 296 1856 esset.

218 1884 382 1933 Modus
407 1892 560 1933 autem
588 1903 681 1949 quo
708 1886 829 1934 dicte
855 1886 1006 1933 littere
1031 1891 1261 1934 venerunt
1293 1886 1351 1933 ad
1384 1885 1561 1934 Rober—

154 1969 254 2010 tum
291 1963 349 2010 de
385 1962 600 2010 Arthesio
638 1962 721 2010 fuit
760 1963 845 2010 iste
882 1981 890 2009 :
929 1962 1129 2026 quedam
1166 1962 1429 2018 domicella,
1468 1962 1558 2008 filia

155 2040 329 2087 domini
364 2040 422 2087 de
453 2040 662 2097 Divione,
701 2056 791 2103 que
829 2046 900 2087 est
933 2040 991 2087 de
1026 2039 1284 2087 castellania
1315 2038 1553 2093 Bet-hunie,

155 2115 366 2163 divinans
392 2132 534 2179 super
559 2116 711 2162 futura
739 2132 791 2162 ac
817 2115 1024 2162 indicans
1050 2115 1107 2161 de
1134 2114 1374 2161 hominum
1401 2113 1560 2160 condi-

157 2193 287 2240 cione
317 2209 403 2255 per
428 2192 718 2256 phinosomie
747 2192 848 2256 (sic)
877 2193 1110 2248 intuitum,
1141 2191 1421 2254 quandoque
1447 2191 1559 2238 defi-

158 2271 283 2318 ciens
316 2276 362 2317 et
392 2270 671 2333 quandoque
702 2287 812 2326 non,
847 2270 977 2333 quasi
1012 2269 1153 2317 modo
1185 2269 1421 2332 phitonico
1454 2268 1556 2331 (sic)

157 2348 291 2394 scivit
326 2347 451 2409 quod
487 2348 676 2409 quidam
717 2347 963 2411 burgensis
998 2346 1055 2393 de
1098 2345 1321 2393 Atrebato
1359 2345 1559 2392 habebat

205 2470 237 2504 l.
260 2468 333 2504 Les
355 2468 515 2504 Grandes
536 2468 758 2512 Chroniques
781 2473 818 2513 (t.
837 2466 886 2513 V,
907 2478 942 2513 p.
962 2466 1040 2509 333)
1064 2472 1131 2502 ont
1153 2466 1346 2513 reproduit
1368 2466 1402 2501 le
1431 2466 1557 2500 meme

157 2528 251 2564 rccit
270 2538 367 2574 pour
387 2526 544 2562 l'ass'aire
575 2526 619 2563 de
649 2527 796 2562 Robert
823 2525 892 2561 d‘A
902 2525 1008 2572 rtois,
1030 2526 1064 2562 le
1086 2526 1360 2561 continuateur
1380 2524 1425 2559 de
1448 2523 1557 2558 Guil-

157 2588 283 2623 laume
305 2587 349 2623 de
370 2586 518 2633 Nangis
546 2587 652 2622 etant
678 2591 785 2622 muet
806 2596 872 2621 sur
892 2596 934 2621 ce
955 2585 1068 2632 sujet.
1091 2585 1147 2621 Cf.
1171 2585 1267 2620 dans
1289 2585 1343 2620 les
1364 2586 1554 2619 Memoires

157 2649 198 2682 cle
220 2649 427 2682 litterature
447 2648 535 2680 tirez
556 2647 614 2681 cles
628 2648 796 2690 reyistres
817 2646 858 2679 cle
881 2644 1092 2680 l’Acade'mie
1107 2647 1231 2690 royale
1246 2645 1304 2679 des
1321 2645 1557 2687 inscriptions

158 2710 189 2741 et
211 2707 467 2746 belles-lettres,
491 2705 615 2740 annee
637 2703 742 2749 1736,
762 2709 791 2739 t.
814 2703 868 2750 X,
889 2715 926 2749 p.
949 2704 1012 2740 571
1036 2703 1058 2738 a
1077 2702 1158 2748 663,
1176 2715 1230 2738 un
1245 2702 1378 2738 article
1393 2701 1438 2737 de
1454 2701 1552 2736 Lan-

159 2764 257 2801 celot
277 2764 342 2811 qui
363 2775 384 2799 a
403 2774 498 2810 pour
518 2763 606 2799 titre
630 2776 636 2798 ε
660 2764 846 2799 Me'moires
870 2774 964 2808 pour
988 2765 1105 2799 servir
1126 2764 1148 2797 ἀ
1169 2763 1345 2798 ffhz'stoire
1366 2762 1406 2796 de
1425 2761 1551 2797 Robert

162 2825 332 2859 cc’Artois.
