1923 3358
104 289 208 336 1340]
369 294 742 328 CHRONOGRAPHIA
768 295 920 327 REGUM
945 292 1222 327 FRANCORUM.
1464 290 1507 325 99

100 374 367 436 quindecim
401 375 624 423 militibus
656 392 710 422 ac
746 375 943 423 totidem
981 374 1225 438 armigeris
1262 372 1506 430 duntaxat,

98 451 284 515 rogavit
303 452 550 500 balistariis
569 452 628 500 de
649 456 806 516 Yppra
826 458 873 499 et
892 451 991 498 aliis
1018 451 1077 498 de
1103 450 1329 507 exercitu,
1358 455 1409 497 ut
1430 466 1511 496 eos

98 535 403 592 expectarent
430 547 579 593 usque
605 529 663 577 ad
690 530 759 577 sui
791 545 1087 593 regressum;
1115 529 1510 592 proficiscensque

97 622 263 654 versus
294 606 460 653 Insulis
496 606 620 670 (sic),
649 605 864 668 premisit
894 605 1237 668 speculatorem
1262 606 1308 653 in
1333 605 1507 662 villam,

97 682 156 730 ad
191 683 448 730 videndum
484 687 658 730 statum
695 683 820 743 ejus,
859 687 906 729 et
941 681 1070 729 venit
1106 682 1165 729 ad
1203 682 1507 739 Marketam1‚

96 759 337 807 abbaciam
360 758 635 806 monialium
660 757 838 806 ordinis
858 758 1194 815 Cisterciensis,
1218 765 1269 806 ut
1289 759 1396 807 inde
1419 760 1512 807 cla-

94 836 192 884 rius
227 836 457 901 aspiceret
491 835 649 883 villam
680 839 727 882 et
759 834 1000 882 castellum
1036 851 1045 881 :
1081 834 1209 898 quod
1240 834 1282 881 ei
1313 836 1510 884 multum

96 913 286 977 placuit.

158 994 279 1038 Dum
317 996 473 1039 autem
511 990 856 1053 colloqueretur
891 989 949 1036 de
985 988 1152 1036 eodem
1189 989 1378 1036 castello
1416 990 1510 1038 suis

93 1068 345 1126 consociis,
376 1068 542 1115 videns
572 1067 810 1115 hominem
839 1072 1084 1131 gerentem
1109 1066 1310 1129 pisces2,
1346 1083 1511 1114 cucur-

91 1145 154 1192 rit
179 1145 238 1193 ad
270 1161 379 1193 eum
404 1151 451 1192 et
475 1145 678 1208 quesivit
708 1144 767 1191 ab
799 1161 855 1191 eo
887 1143 1011 1191 unde
1042 1144 1251 1200 veniret3
1284 1161 1378 1207 quo
1411 1161 1510 1192 res-

91 1221 330 1284 pondente
355 1238 364 1267 :
393 1241 413 1265 <z
438 1224 503 1269 De
529 1221 714 1278 Insulis,
749 1240 769 1265 »
800 1220 1110 1285 interrogavit
1134 1237 1242 1268 eum
1268 1237 1426 1269 comes
1452 1221 1511 1268 de

92 1303 215 1346 statu
245 1298 370 1346 ville.
405 1298 491 1356 Qui
523 1298 658 1355 dixit,
694 1297 965 1346 ordinatum
997 1297 1140 1345 fuisse
1171 1298 1218 1345 in
1247 1298 1355 1345 villa
1383 1298 1509 1362 quod

92 1375 245 1423 nullus
278 1391 422 1438 eques
455 1375 763 1440 egrederetur
798 1375 885 1423 sub
921 1391 1042 1438 pena
1077 1374 1304 1438 perdendi
1337 1391 1510 1439 equum

93 1468 247 1500 suum.
278 1455 371 1499 Hec
403 1451 613 1508 audiens,
643 1467 802 1499 comes
834 1467 1152 1515 prorumpens
1177 1451 1225 1498 in
1250 1451 1414 1508 risum,
1445 1451 1510 1499 sic

92 1528 210 1576 dixit
236 1527 363 1591 quod
390 1533 548 1575 essent
573 1544 735 1575 secure
759 1527 806 1574 in
832 1528 1000 1591 patria.

156 1609 212 1654 Et
232 1605 442 1669 prefatus
462 1605 534 1652 vir
553 1605 633 1669 qui
655 1605 873 1668 portabat
893 1605 1062 1668 pisces,
1088 1605 1360 1653 existimans
1380 1605 1510 1668 ipsos

91 1698 194 1731 esse
209 1682 426 1747 Anglicos
440 1682 515 1730 vel
535 1682 800 1748 Flamingos
817 1682 1021 1746 aliquam
1038 1682 1341 1731 traditionem
1358 1682 1510 1730 facere

138 1837 172 1871 1.
195 1835 427 1882 Marquette,
449 1834 569 1879 Nord,
592 1835 923 1871 arrondissement
944 1840 981 1870 et
1003 1840 1146 1871 canton
1166 1834 1212 1871 de
1232 1835 1342 1871 Lille.
1362 1834 1453 1871 Ceci
1469 1845 1508 1870 se

89 1894 232 1941 passait
256 1894 290 1930 le
314 1894 353 1929 11
377 1893 475 1930 avril
502 1893 593 1930 1340
620 1895 671 1940 (n.
702 1898 781 1939 st.),
810 1894 966 1931 suivant
992 1905 1069 1930 une
1097 1894 1310 1940 chronique
1337 1893 1509 1939 signalee

89 1952 244 1989 d’abord
262 1964 331 2000 par
350 1953 401 1988 M.
421 1952 464 1989 P.
481 1953 608 1999 Paris,
623 1953 709 2000 puis
731 1964 799 1999 par
818 1953 853 1989 le
873 1952 995 1988 baron
1016 1953 1178 1999 Kervyn
1200 1951 1245 1987 de
1266 1952 1506 1988 Lettenhove

90 2014 262 2058 (Histoire
277 2014 318 2048 de
332 2013 502 2054 Flandre,
526 2018 554 2048 t.
577 2012 649 2058 HI,
671 2024 707 2059 p.
724 2013 807 2058 245,
829 2017 919 2048 note
943 2013 990 2057 l),
1013 2011 1118 2047 enfin
1138 2022 1208 2057 par
1228 2010 1280 2045 M.
1298 2011 1341 2046 L.
1360 2010 1506 2047 Delisle

90 2071 186 2107 dans
206 2081 276 2107 son
290 2073 462 2107 Me'moz're
475 2082 542 2107 sur
558 2074 606 2108 les
621 2083 796 2117 ouvraqes
811 2073 851 2107 de
866 2071 1076 2107 Guizlaume
1097 2072 1138 2105 cle
1152 2071 1290 2115 Nanyis
1305 2070 1508 2112 (Me'moz'res

90 2132 132 2166 de
163 2132 400 2173 l’Institut...,
435 2129 628 2166 Academia
666 2132 724 2166 des
763 2132 1000 2175 inscriptions
1039 2134 1071 2164 et
1105 2131 1364 2171 belles-lettres,
1403 2129 1506 2174 1873,

91 2195 118 2225 t.
134 2188 309 2233 XXVII,
329 2199 366 2235 p.
389 2188 456 2225 359
478 2194 515 2224 et
536 2189 631 2230 363).
649 2188 760 2225 Cette
782 2189 1010 2235 chronique,
1027 2188 1237 2223 conservee
1259 2187 1280 2222 a
1302 2187 1338 2223 la
1358 2187 1506 2223 Biblio-

90 2248 232 2294 thequa
256 2247 468 2291 nationale,
490 2253 736 2285 notamment
759 2259 849 2284 sous
874 2248 907 2283 le
930 2255 973 2282 110
996 2247 1086 2283 2598
1108 2246 1157 2281 du
1185 2246 1295 2282 fonds
1322 2246 1506 2294 franceis,

89 2307 145 2343 dit
160 2307 251 2354 qu'il
266 2318 291 2353 y
305 2306 408 2343 avait
423 2306 519 2342 dans
535 2312 635 2344 cette
651 2307 871 2355 expedition
884 2307 992 2352 6‚000
1005 2305 1213 2341 Flamands
1225 2311 1261 2342 et
1273 2306 1317 2342 40
1329 2306 1506 2342 hommes

89 2366 254 2402 d'armes
276 2365 425 2411 anglais
446 2377 536 2402 sous
557 2366 612 2402 les
636 2367 766 2402 ordres
782 2366 826 2402 de
845 2380 859 2398 α
877 2365 1099 2401 Guillaume
1114 2365 1159 2401 de
1176 2366 1376 2413 Montagu,
1392 2372 1505 2402 conte

92 2438 108 2458 «
131 2424 176 2460 de
199 2423 356 2459 Salebre
377 2429 414 2459 et
434 2435 515 2471 ung
541 2425 665 2461 aultre
693 2432 806 2461 minte
827 2430 863 2461 et
888 2424 1079 2471 plusieurs
1107 2424 1251 2460 aultres
1279 2431 1316 2461 et
1342 2425 1505 2462 descen-

91 2498 108 2517 «
130 2483 257 2519 dirent
277 2483 299 2518 a.
319 2483 378 2529 pie
399 2493 494 2519 avec
519 2483 636 2520 lesdiz
659 2484 889 2520 FlamenS...
919 2497 935 2516 n
963 2483 1037 2529 (fol.
1062 2484 1103 2520 51
1125 2487 1185 2531 r0).
1211 2483 1267 2520 Gf.
1297 2484 1503 2530 Froissart‚

89 2542 148 2579 ed.
172 2542 290 2588 Luce,
312 2549 338 2578 t.
362 2542 414 2589 Π,
435 2554 471 2589 p.
493 2554 544 2580 vx.

136 2601 172 2637 2.
195 2600 265 2636 Cet
285 2600 438 2647 episode
466 2600 565 2637 n'est
592 2601 712 2637 relate
737 2611 786 2637 en
807 2611 871 2638 ces
892 2607 1034 2638 termes
1057 2601 1184 2649 qu’ici.
1208 2602 1282 2638 Les
1301 2603 1504 2638 Ancz'ennes

89 2660 308 2705 chroniques
328 2661 369 2695 de
389 2659 419 2694 F
420 2660 549 2695 landre
569 2661 696 2702 (Istore
719 2664 751 2695 et
773 2662 964 2706 cronz'ques
984 2662 1026 2697 de
1044 2662 1232 2704 mandras,
1257 2667 1285 2697 t.
1308 2661 1341 2708 I,
1362 2672 1398 2708 p.
1422 2661 1504 2703 380)

90 2719 125 2755 le
138 2725 297 2766 passent
319 2718 578 2755 entierement
598 2730 688 2755 sous
711 2719 869 2756 silence.
889 2719 1082 2756 Froissart
1102 2719 1229 2757 donne
1251 2731 1327 2756 une
1349 2720 1503 2756 version

92 2780 141 2814 ou
162 2778 217 2814 les
239 2779 530 2815 circonstances
552 2784 639 2815 sont
662 2784 744 2815 tout
766 2778 787 2814 ὲ
808 2779 875 2815 fait
895 2779 1129 2816 differentes,
