1923 3358
343 259 409 295 366
613 256 982 292 CHRONOGRAPHIA
1009 257 1162 289 REGUM
1187 256 1466 288 FRANCORUM.
1636 253 1741 299 [1378

341 340 507 388 marito
532 336 720 384 domine
743 335 967 392 Johanne,
997 334 1156 399 regine
1175 334 1341 392 Sicilie,
1365 351 1418 382 ac
1443 334 1743 383 Ambianensi

339 423 385 463 et
402 412 742 478 Pampilonensi
761 411 996 476 episcopis
1016 427 1069 458 ac
1089 411 1236 459 eciam
1257 411 1609 476 archiepiscopo
1629 415 1744 459 Nar-

339 490 580 547 bonensi1‚
614 495 661 537 et
685 494 785 537 erat
815 488 893 537 illo
919 495 1030 537 tunc
1062 489 1345 536 camerarius
1377 491 1501 552 Pape
1533 488 1746 553 Gregorii

336 567 506 632 prefati
546 566 925 630 archiepiscopus
967 565 1275 623 Arelatensis,
1315 565 1458 614 frater
1491 581 1745 630 germanus

337 644 447 692 dicti
473 642 719 691 cardinalis
736 642 1098 700 Lemovicensis,
1123 643 1202 706 qui
1230 659 1452 693 monacus
1471 648 1572 689 erat
1591 647 1640 689 et
1661 641 1745 689 de-

335 737 467 769 mum
502 720 650 768 factus
683 719 770 767 fuit
805 719 1053 768 cardinalis
1090 736 1177 783 per
1214 719 1390 768 dictum
1430 722 1604 783 Papam
1643 718 1745 767 Cle-

335 803 559 846 mentem.

398 878 545 922 Porro
570 873 833 939 patriarcha
863 873 1417 938 Constantinopolitanus,
1447 879 1642 922 vocatus
1667 876 1743 921 Ja-

333 952 479 1000 cobus
511 951 570 999 de
604 954 735 1008 Ytro,
769 951 849 1014 qui
884 956 985 998 erat
1014 950 1074 998 de
1106 967 1279 1016 genere
1309 951 1486 999 domini
1518 949 1742 999 Honorati

333 1029 558 1087 Gaietani‚
587 1028 771 1076 comitis
790 1028 1066 1085 Fundensis,
1100 1028 1208 1075 fecit
1233 1044 1500 1076 sermonem
1521 1027 1744 1090 sollemp-

334 1123 441 1153 nem
467 1107 524 1154 de
551 1105 845 1169 depositione
871 1105 980 1152 dicti
1012 1105 1325 1152 Bartholomei
1353 1105 1411 1152 de
1437 1104 1669 1169 Purigano
1695 1103 1743 1150 in

334 1183 519 1231 civitate
535 1183 785 1247 Agnanie2,
808 1182 1107 1246 presentibus
1125 1182 1261 1230 dictis
1279 1180 1592 1230 cardinalibus
1605 1181 1745 1229 citra-

334 1260 566 1307 montanis
590 1260 758 1316 solum‚
789 1260 897 1322 quia
929 1259 1071 1307 ceteri
1100 1264 1232 1306 erant
1259 1275 1366 1306 cum
1398 1258 1523 1306 dicto
1548 1257 1744 1306 Bartho-

333 1337 486 1384 lomeo
512 1337 559 1383 in
590 1336 776 1384 civitate
804 1336 1086 1400 Tyburtina3
1119 1335 1202 1383 sed
1231 1335 1371 1400 paulo
1398 1340 1508 1399 post
1535 1350 1743 1382 recesse-

331 1419 441 1461 runt
460 1413 519 1461 ab
540 1414 707 1462 eodem
728 1420 774 1461 et
789 1413 979 1462 fuerunt
998 1419 1242 1477 presentes
1257 1412 1429 1461 Fundis
1449 1412 1496 1460 in
1517 1411 1743 1460 electione

332 1490 442 1538 dicti
486 1493 610 1555 Pape
650 1491 913 1549 Clementis,
958 1496 1130 1555 exepto
1176 1489 1279 1554 (sic)
1323 1489 1544 1539 cardinali
1585 1488 1741 1537 Sancti

380 1628 412 1662 1.
436 1627 489 1663 Le
510 1625 681 1662 cardinal
702 1624 903 1663 d'Amiens
923 1626 1022 1662 Jean
1043 1626 1088 1662 de
1110 1625 1146 1661 la
1167 1625 1323 1672 Grange
1351 1629 1484 1661 rentra
1508 1623 1530 1659 ἐι
1554 1623 1678 1660 Rome
1706 1623 1740 1659 le

333 1683 552 1720 lendeinain
582 1684 631 1719 du
663 1689 972 1721 couronnement
1001 1683 1189 1720 d’Urbain
1215 1684 1281 1719 VI.
1306 1683 1339 1719 Il
1365 1683 1468 1720 avait
1501 1683 1560 1719 ete
1591 1682 1742 1729 envoye

331 1753 400 1789 par
427 1742 609 1789 Gregoire
636 1742 694 1777 XI
720 1753 816 1789 pour
842 1742 1037 1789 negocier,
1066 1753 1115 1778 en
1147 1741 1275 1777 meme
1308 1746 1433 1788 temps
1467 1740 1661 1788 qu'Othon
1695 1739 1740 1776 de

331 1801 579 1847 Brunswick‚
602 1812 695 1838 avec
715 1801 770 1838 les
794 1802 1013 1838 Florentius
1036 1801 1144 1847 (abbe
1165 1802 1208 1837 L.
1226 1800 1366 1847 Gayet,
1389 1803 1419 1836 le
1443 1801 1570 1837 Grand
1587 1801 1741 1836 schisma

329 1860 546 1903 d'Occz'dent,
563 1866 590 1896 t.
613 1861 665 1907 II,
681 1872 718 1907 p.
736 1861 838 1904 158);
857 1861 912 1897 les
926 1861 1170 1908 pourparlers
1185 1865 1323 1895 eurent
1341 1859 1415 1895 lieu
1432 1859 1454 1894 a.
1468 1859 1660 1906 Lucques.
1678 1858 1739 1896 On

331 1919 432 1955 avait
453 1918 597 1966 adjoint
613 1931 661 1955 au
682 1918 869 1966 cardinal,
892 1930 1042 1956 comme
1063 1920 1097 1955 le
1118 1919 1171 1955 dit
1193 1924 1302 1954 notre
1324 1918 1551 1965 chronique,
1571 1917 1735 1954 l’arche—

330 1980 448 2025 veque
461 1978 506 2014 de
517 1978 727 2015 Narbonne
739 1983 776 2015 et
788 1979 958 2026 l'eveque
969 1978 1014 2015 de
1030 1978 1279 2025 Pampelune.
1292 1977 1408 2013 Enfin
1421 1976 1624 2013 CharlesV
1635 1976 1738 2013 avait

330 2036 440 2072 offert
469 2047 511 2072 sa
539 2036 749 2073 mediation
775 2042 812 2072 et
840 2037 989 2083 envoye
1018 2036 1084 2072 des
1111 2036 1146 2072 le
1174 2035 1291 2072 debut
1319 2035 1363 2072 de
1391 2036 1542 2072 l'annee
1565 2035 1654 2072 1377
1675 2044 1738 2071 ses

330 2096 620 2142 representants
641 2096 697 2142 (L.
714 2095 876 2141 Delisle,
891 2098 1141 2132 Mandements
1161 2099 1193 2131 et
1214 2100 1306 2131 actes
1326 2097 1445 2131 divers
1465 2096 1507 2131 de
1530 2096 1679 2132 Charzes
1700 2095 1733 2137 V,

329 2165 365 2200 p.
394 2154 460 2190 806
489 2160 525 2190 et
552 2155 647 2200 807).
671 2154 773 2190 C'est
799 2155 821 2190 a
842 2155 930 2191 Pise
951 2166 1024 2202 que
1043 2154 1143 2190 Jcan
1165 2154 1210 2191 de
1232 2155 1267 2190 la
1288 2155 1443 2200 Grange
1465 2153 1587 2201 apprit
1608 2153 1737 2190 l'elec-

330 2211 411 2247 tion
444 2211 630 2249 d'Urbain
659 2213 713 2249 VI
742 2213 924 2260 (Baluze,
959 2215 1040 2249 Vc‘tae
1068 2224 1255 2259 paparum
1284 2215 1609 2259 Avenionensiuvz,
1643 2219 1671 2250 t.
1704 2213 1735 2260 I,

331 2270 402 2306 col.
425 2270 490 2305 441
514 2276 550 2306 et
574 2272 689 2317 1156).
707 2271 897 2319 L'eveque
918 2271 1119 2307 d’Amiens
1139 2271 1239 2307 Jean
1263 2271 1428 2307 Rolland
1449 2271 1541 2307 etait
1557 2272 1578 2307 a
1593 2271 1630 2307 la
1645 2282 1739 2309 cour

330 2328 375 2365 de
398 2329 519 2366 Rome
535 2329 555 2364 a
571 2336 669 2366 cette
685 2331 831 2378 epoque
855 2331 989 2375 (Gallia
1011 2332 1229 2371 christiana,
1245 2335 1271 2366 t.
1288 2330 1341 2376 X,
1358 2331 1429 2366 col.
1448 2331 1563 2376 1195),
1587 2340 1737 2366 comme

329 2387 362 2422 le
384 2387 437 2423 dit
461 2392 570 2424 notre
592 2389 817 2436 chronique.
839 2390 939 2425 Jean
967 2388 1132 2425 Rolland
1160 2389 1262 2424 avait
1291 2389 1454 2425 succede
1486 2400 1552 2425 sur
1571 2388 1606 2424 le
1634 2388 1737 2435 siege

328 2444 529 2482 d'Amiens
549 2446 572 2482 a
591 2447 690 2482 «Iean
711 2448 756 2484 de
778 2448 814 2484 la
835 2448 1004 2495 Grange,
1032 2447 1165 2494 depuis
1194 2448 1229 2483 la
1258 2447 1498 2494 resignation
1518 2447 1563 2483 de
1586 2458 1628 2483 ce
1649 2446 1735 2483 der-

330 2505 413 2541 nier
439 2505 460 2540 -ἰι
489 2506 523 2541 la
553 2506 651 2541 suite
682 2506 726 2542 de
757 2518 799 2543 sa
828 2507 1072 2544 nomination
1101 2506 1146 2543 de
1175 2507 1347 2544 cardinal
1377 2507 1503 2554 pretre
1533 2506 1567 2543 le
1599 2506 1644 2543 ΞΟ
1670 2505 1737 2542 de-

331 2564 484 2600 cembre
507 2564 610 2601 1375.

374 2622 408 2658 2.
433 2623 494 2659 Du
515 2623 612 2660 mois
632 2623 678 2660 de
698 2624 776 2660 mai
797 2636 844 2661 au
865 2626 963 2662 mois
984 2625 1028 2662 de
1046 2626 1146 2673 juin,
1170 2625 1224 2663 les
1245 2624 1459 2662 cardinaux
1481 2638 1495 2659 α
1521 2624 1731 2661 citramon-

334 2693 347 2713 α
366 2681 466 2717 mins
485 2695 499 2716 »
518 2682 732 2719 arriverent
753 2682 774 2718 ὰ
795 2683 953 2731 Anagni
974 2684 1035 2729 (N.
1054 2684 1201 2730 Valois,
1225 2677 1411 2720 l‘Ecectwn
1431 2684 1606 2720 d'llrbain
1629 2683 1727 2725 VJ...,

332 2750 368 2786 p.
391 2740 460 2784 70).
