1923 3358
120 283 223 329 1337]
394 285 763 319 CHRONOGRAPHIA
789 288 941 320 REGUM
966 288 1244 320 FRANCORUM.
1472 286 1514 322 39

181 366 294 413 Cum
317 371 469 413 autem
490 371 597 429 post
616 366 862 429 prandium
891 383 974 430 per
996 366 1224 430 palacium
1249 366 1517 415 deambula-

115 447 185 489 ret
222 459 326 489 cum
364 459 474 506 rege
506 445 732 500 Navarre,
768 443 884 490 duce
912 444 1142 490 Borbonie
1179 449 1225 491 et
1257 444 1420 492 Milone
1458 444 1516 492 de

113 519 293 568 Noieris
325 520 672 582 cumpluribus
704 520 820 575 aliis,
851 520 1000 567 dictus
1026 521 1275 584 episcopus
1300 523 1517 585 apparuit

114 613 272 644 coram
311 614 390 654 eo,
431 597 584 659 ipsum
623 597 825 644 salutans
865 603 911 644 et
946 599 1232 661 presentavit
1265 599 1306 646 ei
1341 599 1517 648 litteras

113 672 374 720 diffidencie
401 673 586 719 nomine
611 672 736 736 regis
755 673 935 736 Anglie,
961 673 1118 720 dicens
1144 675 1270 737 quod
1295 675 1519 723 Edovvar-

114 750 219 806 dus,
244 749 432 797 Francie
450 755 495 796 et
514 748 675 813 Anglie
701 765 803 806 rex,
833 749 1074 797 diffidebat
1100 767 1206 797 eum
1232 768 1369 799 causa
1386 753 1517 817 regni

112 826 300 874 Francie
329 825 455 888 quod
482 825 580 873 sine
606 842 744 873 causa
777 826 1074 874 subtraxerat
1106 827 1164 874 ab
1191 844 1266 884 eo,
1296 829 1375 891 qui
1408 846 1519 892 pro-

111 903 330 966 pinquior
355 918 526 950 corone
549 908 649 949 erat
674 919 814 965 quam
840 903 940 966 ipse
966 909 1012 950 et
1037 903 1163 966 quod
1189 905 1453 967 prevaleret
1477 905 1518 952 ei

111 979 368 1028 contentari
388 979 446 1026 de
469 996 554 1026 suo
574 979 794 1027 comitatu
814 980 980 1030 Valesii
1001 986 1047 1027 et
1067 980 1302 1028 dimittere
1321 997 1519 1046 regnum

111 1057 302 1106 domino
345 1073 430 1104 suo
470 1056 760 1113 Edowardo,
800 1057 908 1120 quia
948 1058 1324 1106 inconveniencia
1366 1058 1520 1106 futura

111 1150 253 1198 super
278 1133 503 1197 populum
529 1134 757 1192 accidant,
781 1135 878 1197 qui,
903 1134 990 1182 nisi
1016 1135 1103 1182 hoc
1128 1135 1279 1192 faciat,
1304 1135 1519 1184 evenient

110 1210 158 1257 in
183 1209 334 1257 brevi.

176 1287 255 1336 Cui
281 1303 364 1333 rex
391 1286 655 1351 benigniter
675 1287 920 1350 respondit
940 1288 1072 1351 plura
1091 1288 1260 1344 verba3
1286 1288 1409 1336 inter
1429 1306 1519 1353 que

111 1363 228 1410 dixit
249 1363 289 1410 ei
316 1362 631 1410 ordinationes
657 1363 910 1426 antiquitus
936 1364 1079 1411 factas
1105 1364 1150 1410 in
1174 1365 1366 1412 Francia
1393 1366 1520 1428 quod

111 1439 328 1488 videlicet
360 1439 527 1486 mulier
557 1456 650 1486 non
686 1446 847 1502 posset
881 1440 1130 1488 succedere
1165 1441 1209 1488 in
1244 1458 1441 1506 regnum
1474 1449 1521 1489 et

110 1533 204 1580 quo
238 1521 475 1578 tempore,
511 1515 682 1578 quibus
720 1517 932 1578 personis
970 1523 1015 1564 et
1053 1534 1143 1580 qua
1180 1518 1364 1565 racione
1402 1518 1520 1565 facte

109 1595 296 1641 fuerunt
316 1597 361 1639 et
382 1592 507 1655 quod
529 1592 611 1639 nisi
632 1592 716 1639 hec
736 1598 908 1649 essent,
936 1593 1053 1640 bene
1080 1594 1253 1641 sciebat
1279 1594 1406 1657 quod
1432 1611 1518 1642 rex

111 1670 288 1735 Anglie‚
323 1669 630 1718 consobrinus
663 1686 793 1726 suus,
829 1669 1023 1717 deberet
1055 1687 1157 1718 esse
1189 1687 1273 1718 rex
1306 1671 1515 1725 Francie,

111 1765 167 1795 eo
201 1747 328 1810 quod
365 1752 488 1793 esset
522 1763 669 1809 nepos
707 1746 886 1803 Karoli,
926 1746 1051 1811 regis
1086 1747 1275 1794 Francie
1312 1748 1519 1794 ultimate

111 1824 333 1880 defuncti,
360 1829 406 1870 et
425 1823 526 1886 ipse
546 1828 727 1870 tantum
748 1839 998 1888 germanus
1015 1829 1238 1887 cognatus
1258 1823 1356 1887 ejus
1376 1829 1515 1872 esset.

176 1900 254 1947 Cui
282 1898 530 1963 episcopus
556 1899 752 1946 multum
781 1899 1007 1963 sagaciter
1032 1899 1291 1963 respondit,
1321 1899 1520 1946 interro-

112 1976 266 2040 gando
297 1976 334 2023 si
364 1975 470 2023 huic
495 1975 775 2023 ordinationi
802 1978 923 2023 Deus
950 1976 1238 2023 consenserit
1269 1993 1277 2022 :
1314 1995 1334 2020 c<
1364 1979 1518 2040 Popu-

117 2072 137 2097 «
167 2053 256 2109 lus,
295 2072 314 2097 ›>
345 2052 510 2116 inquit,
545 2071 565 2096 <t
596 2052 674 2115 qui
707 2058 818 2100 tunc
852 2058 968 2109 erat,
998 2053 1115 2099 hanc
1142 2052 1301 2100 falsam
1334 2052 1520 2101 ordina-

116 2148 136 2172 «
167 2128 342 2176 tionem
372 2129 570 2176 instituit
601 2135 646 2176 et
679 2145 842 2176 omnes
869 2129 947 2192 qui
978 2130 1066 2176 hoc
1092 2129 1316 2187 Fecerunt,
1346 2130 1519 2177 mortui

117 2224 137 2248 α
169 2211 292 2251 sunt.
317 2208 514 2268 Insuper
535 2205 751 2253 dominus
772 2222 904 2253 meus
924 2205 1216 2253 Edowardus
1240 2206 1283 2252 in
1311 2207 1400 2254 hoc
1425 2224 1519 2254 non

116 2301 137 2326 (ι
169 2281 355 2345 prebuit
374 2298 614 2329 assensum
633 2299 718 2330 nec
737 2282 924 2329 domina
944 2281 1162 2337 Elizabet,
1183 2287 1333 2329 mater
1350 2282 1465 2346 ejus.
1493 2302 1512 2327 2>

177 2360 302 2404 Tunc
313 2373 397 2403 rex
409 2357 622 2421 allegavit
636 2358 675 2404 ei
690 2357 1075 2405 consuetudinem
1086 2358 1388 2415 Allemannie,
1404 2377 1516 2423 qua-

112 2434 217 2481 liter
241 2434 497 2497 imperator
520 2452 612 2482 non
634 2436 773 2482 habet
793 2435 1058 2500 imperium,
1081 2436 1167 2483 nisi
1193 2453 1280 2500 pro
1299 2437 1394 2484 vita
1413 2455 1511 2495 sua,

114 2516 160 2558 et
177 2510 322 2574 quod,
349 2510 388 2557 si
408 2510 570 2558 decem
590 2511 710 2558 filios
729 2511 937 2569 haberet,
961 2512 1113 2560 nullus
1132 2529 1295 2560 eorum
1314 2513 1513 2577 imperio

116 2657 133 2677 «
155 2642 383 2689 solempnite
412 2643 457 2680 de
487 2643 521 2679 le
551 2644 778 2690 Toussains,
808 2644 885 2680 l'an
909 2644 977 2680 mil
1007 2644 1097 2681 CCC
1111 2645 1315 2682 XXXVII
1344 2660 1358 2681 J>
1394 2648 1431 2692 (t.
1459 2647 1510 2692 ΙΙ,

113 2714 150 2749 p.
173 2702 268 2744 425).
292 2702 393 2739 C’est
414 2702 503 2738 bien
524 2704 546 2738 a
565 2714 638 2750 peu
658 2704 744 2750 pres
764 2704 801 2739 la
822 2703 908 2740 date
929 2704 1133 2751 qu'adopte
1154 2711 1264 2742 notre
1285 2706 1510 2754 chronique.

115 2761 167 2797 M.
190 2761 309 2807 Luce,
332 2772 379 2797 au
402 2761 608 2807 contraire,
632 2762 738 2808 place
761 2768 821 2799 cet
841 2762 991 2809 episode
1013 2774 1062 2799 en
1084 2763 1187 2800 1339.
