1923 3358
369 269 411 304 74
641 268 1011 303 CHRONOGRAPHIA
1036 268 1189 301 REGUM
1214 268 1491 301 FRANCORUM.
1663 265 1766 312 [1339

365 354 571 418 episcopi
597 358 640 400 et
667 352 898 398 baronum
923 350 1001 412 qui
1027 349 1073 396 in
1105 352 1354 398 Cameraco
1385 356 1533 408 erant,
1562 351 1642 415 qui
1667 351 1769 399 nul-

363 432 459 479 lum
498 443 776 492 responsum
817 426 876 474 de
916 427 1080 475 eodem
1120 444 1231 492 rege
1273 434 1571 491 receperant,
1609 428 1769 476 dicens

361 508 460 572 regi
485 512 635 554 totum
669 504 841 551 factum
871 504 997 569 regis
1023 504 1204 569 Anglie,
1235 504 1474 567 quomodo
1507 506 1770 553 Cammera-

362 599 522 631 censes
561 581 734 646 pluries
771 597 857 645 per
893 582 1085 629 nuncios
1128 598 1237 629 suos
1276 581 1363 628 sibi
1403 581 1686 645 scripserant
1724 587 1770 629 et

363 660 539 708 nullum
576 658 684 706 inde
721 675 1000 723 responsum
1032 659 1312 715 habuerant,
1353 675 1498 721 quare
1537 657 1772 705 miraban-

362 743 440 785 tur
465 735 600 784 valde
626 735 684 784 ad
710 736 820 799 quid
850 735 1082 800 cogitabat
1114 736 1191 799 qui
1218 735 1286 783 eis
1312 734 1524 783 celeriter
1549 751 1642 782 non
1669 751 1773 783 suc-

363 813 598 862 currebat.

426 893 525 949 Quo
551 890 727 946 audito,
757 889 1001 954 respondit
1028 905 1110 936 rex
1144 888 1271 951 quod
1300 888 1408 936 inde
1435 888 1572 935 nichil
1599 887 1774 936 sciebat

361 973 407 1015 et
433 966 559 1030 quod
586 983 823 1029 nunquam
850 966 1025 1013 litteras
1051 981 1214 1013 eorum
1239 965 1437 1022 viderat,
1469 965 1551 1012 sed
1577 965 1772 1028 putabat

361 1043 487 1107 quod
508 1043 631 1090 idem
656 1059 739 1090 rex
762 1042 923 1106 Anglie
948 1048 1162 1089 moturus
1187 1058 1278 1088 non
1306 1047 1429 1089 esset
1454 1042 1512 1089 ab
1538 1042 1773 1105 Anverpia

361 1136 508 1183 usque
541 1125 647 1181 post
680 1119 850 1166 festum
883 1119 1034 1166 Sancti
1065 1118 1278 1181 Remigii,
1317 1124 1483 1181 petens
1514 1118 1571 1165 ab
1605 1118 1772 1166 eodem

361 1196 504 1242 milite
542 1212 633 1258 qua
673 1195 944 1252 transisset3
989 1201 1035 1241 et
1072 1194 1146 1241 ille
1188 1194 1306 1241 dixit
1347 1211 1433 1258 per
1473 1194 1727 1242 Hanoniam
1759 1214 1768 1242 ε

365 1292 385 1317 c<
417 1274 604 1329 Comes,
639 1291 659 1316 ›>
692 1272 865 1335 inquit,
903 1290 924 1315 α
963 1271 1194 1327 Hanonie,
1232 1288 1379 1334 nepos
1417 1277 1589 1328 vester,
1625 1277 1696 1319 est
1726 1271 1773 1319 in

365 1368 385 1393 (ι
417 1348 658 1396 obsidione
685 1353 790 1395 ante
817 1349 1116 1396 Cameracum
1143 1364 1249 1395 cum
1275 1365 1386 1412 rege
1411 1348 1573 1413 Anglie
1598 1353 1643 1396 et
1669 1348 1773 1412 plus

365 1445 384 1470 c<
417 1441 557 1488 quam
583 1424 657 1471 alii
684 1423 985 1487 dampnificat
1010 1424 1227 1487 patriam.
1264 1443 1284 1468 1>
1315 1427 1440 1471 Tunc
1465 1440 1567 1480 rex,
1597 1425 1772 1488 majore

361 1502 427 1548 ira
458 1506 744 1557 commotus,
779 1501 974 1548 militem
1006 1501 1140 1548 citius
1172 1501 1416 1548 remittens
1450 1502 1768 1557 Cameracum‚

360 1578 576 1642 promisit
601 1578 728 1640 quod
753 1578 798 1624 in
822 1577 953 1624 brevi
981 1594 1141 1641 regem
1165 1578 1326 1642 Anglie
1356 1577 1529 1625 faceret
1557 1577 1772 1626 dislocari

361 1660 407 1702 et
426 1655 550 1719 quod
577 1655 760 1701 fortiter
784 1670 833 1701 se.
857 1660 1071 1702 tenerent
1095 1660 1141 1702 et
1164 1654 1208 1701 in
1232 1654 1453 1702 fidelitate
1479 1671 1561 1702 sua
1587 1671 1773 1718 perma-

361 1738 551 1788 nerent3
591 1734 983 1794 Cameracumque
1011 1731 1220 1788 veniens,
1250 1731 1409 1779 retulit
1444 1731 1614 1796 [miles]
1650 1732 1773 1796 epis-

362 1825 481 1872 copo
501 1814 547 1855 et
567 1808 682 1865 aliis,
707 1824 799 1871 que
819 1824 901 1855 rex
922 1808 1105 1855 dixerat
1126 1808 1166 1855 ei
1192 1826 1200 1854 :
1229 1808 1351 1856 unde
1370 1824 1464 1855 non
1482 1808 1772 1857 sufficiebant

362 1884 598 1932 ammirari
628 1884 750 1948 (sic).

426 1965 483 2009 Et
501 1967 675 2019 tamen,
701 1961 957 2009 secundum
984 1961 1109 2025 quod
1136 1962 1440 2009 mandaverat
1462 1962 1546 2020 eis,
1573 1962 1772 2010 multum

362 2054 473 2103 erga
511 2039 665 2101 ipsum
702 2038 861 2086 fideles
901 2038 1156 2086 extiterunt
1193 2044 1238 2086 et
1273 2039 1432 2103 plures
1468 2055 1520 2086 ac
1558 2039 1771 2087 diversos

362 2115 654 2178 ingeniorum
674 2115 1077 2180 petrariarumque
1098 2122 1236 2179 atque
1258 2116 1606 2181 sagittariorum
1625 2116 1772 2164 assul-

361 2197 436 2238 tus
465 2190 523 2237 ab
552 2191 873 2239 obsidentibus
900 2193 1246 2248 sustinuerunt;
1275 2198 1319 2239 et
1349 2209 1373 2239 e
1402 2192 1589 2240 diverso
1614 2193 1771 2240 Eurri-

362 2285 444 2316 cus
471 2269 745 2317 Theobaldi1
777 2276 822 2317 et
851 2270 1011 2334 plures
1039 2270 1130 2327 alii,
1161 2288 1184 2317 a
1212 2270 1317 2318 villa
1349 2277 1589 2327 exeuntes,
1626 2271 1771 2334 sepis-

364 2346 478 2393 sime
510 2345 747 2393 irruerunt
777 2347 821 2393 in
855 2347 1124 2394 obsidentes
1159 2347 1241 2403 eis,
1274 2347 1405 2411 juxta
1439 2364 1596 2412 posse,
1631 2364 1771 2395 omne

364 2421 620 2485 dampnum
657 2423 784 2485 quod
824 2430 1041 2487 poterant
1077 2423 1352 2479 inferentes;
1394 2430 1440 2472 et
1479 2424 1544 2472 sic
1580 2425 1770 2472 retortis

420 2605 451 2639 1.
475 2602 535 2640 On
557 2606 619 2639 n’a
638 2613 705 2650 pas
726 2608 817 2640 tenu
838 2611 987 2652 compte
1008 2606 1121 2642 d'une
1147 2606 1364 2643 correction
1384 2604 1610 2642 maladroite
1631 2603 1765 2640 d’Eur-

371 2665 472 2698 ricus
498 2673 546 2698 en
573 2664 785 2698 Hem-ricus.
816 2663 846 2698 Il
873 2664 981 2711 s'agit
1011 2665 1162 2701 d'Ourri
1188 2665 1369 2711 'mih-aut,
1396 2666 1538 2712 ecuyer
1563 2663 1765 2709 banneret‚

373 2720 436 2766 qui
459 2720 629 2757 amenait
652 2732 700 2756 cn
729 2732 770 2756 sa
800 2723 1023 2769 compagnie
1052 2723 1146 2759 trois
1176 2722 1390 2760 chevaliers
1421 2728 1457 2758 et
1482 2721 1581 2758 seize
1607 2722 1768 2768 ecuyers

375 2778 487 2823 (Bibl.
512 2785 607 2824 nat„
630 2779 715 2816 coll.
741 2780 948 2826 Decamps5
971 2781 1044 2817 vol.
1069 2782 1126 2826 83,
1149 2782 1210 2817 fol.
1234 2781 1301 2817 223
1318 2783 1375 2826 1⁶²).
1400 2780 1444 2815 V.
1470 2791 1593 2826 supra,
1617 2791 1652 2827 p.
1673 2780 1729 2817 δί).
