1923 3358
85 284 188 332 1340]
358 287 731 320 CHRONOGRAPHIA
759 285 911 318 REGUM
938 283 1215 316 FRANGORUM.
1423 278 1488 315 ’143

84 384 190 415 cum
223 383 279 415 eo
311 372 442 414 erant
472 366 636 413 validis
671 365 1030 413 deffensionibus
1063 364 1129 411 eis
1162 362 1485 418 obviaverunt,

82 443 146 490 ita
170 449 222 491 ut
247 459 404 490 comes
435 443 514 506 qui
546 443 642 489 fere
675 458 781 489 cum
813 448 932 489 xxxa
958 440 1222 487 hominibus
1242 439 1375 503 juxta
1399 438 1490 485 fos-

83 525 180 567 sata
218 526 409 567 venerat
443 519 502 566 ad
540 517 908 581 oppugnandum
944 533 1047 573 eos,
1085 518 1207 564 lesus
1245 522 1291 563 et
1328 515 1490 562 dolens

81 597 258 644 rediret
283 597 341 644 ad
368 602 521 644 castra
546 611 695 658 prope
721 597 1000 640 Tornacum.

146 674 213 721 Illi
239 690 353 721 vero
380 673 438 720 de
462 671 585 728 villa,
615 669 921 717 formidantes
949 686 1007 716 ne
1034 684 1193 716 comes
1218 668 1491 733 regredere—

81 755 174 807 tur,
211 750 367 797 habito
405 749 526 795 inter
560 764 609 794 se
643 746 853 803 consilio,
893 745 1122 793 miserunt
1156 745 1398 792 dominum
1430 745 1489 792 de

80 826 259 874 Landas
285 825 409 890 apud
430 823 703 872 Bethuniam
729 822 787 870 ad
810 839 971 886 regem
992 821 1199 878 Francie‚
1225 827 1276 868 ut
1296 822 1361 869 eis
1387 838 1491 869 suc-

81 907 307 950 curreret.
332 902 593 964 Antequam
614 916 727 946 vero
747 903 1081 955 reverteretur,
1106 913 1263 944 comes
1284 897 1490 944 Hanonie

81 979 206 1026 venit
232 978 336 1037 illuc
362 994 467 1025 cum
494 977 676 1025 circiter
700 983 780 1024 XLa
802 975 988 1022 milibus
1011 974 1140 1031 viris,
1166 974 1323 1021 villam
1348 974 1487 1036 cepit,

81 1070 244 1102 omnes
266 1053 449 1110 occidit,
467 1053 717 1115 villamque
737 1057 783 1099 et
802 1051 1042 1098 abbaciam
1064 1049 1280 1114 spoliavit
1299 1055 1344 1096 et
1364 1065 1492 1096 com-

81 1130 247 1178 bussit.
272 1134 327 1178 Et
350 1146 594 1194 regressus
619 1135 690 1176 est
716 1145 873 1176 comes
897 1128 955 1175 ad
983 1134 1133 1175 castra
1158 1127 1283 1191 regis
1308 1126 1487 1190 Anglie‚

82 1225 108 1254 a
140 1225 234 1270 quo
266 1207 528 1272 magnifice,
557 1212 779 1270 tanquam
811 1205 976 1253 melius
1008 1222 1057 1253 se
1088 1204 1280 1261 habens,
1312 1219 1493 1251 recom-

82 1285 328 1333 mendatus
354 1290 443 1332 est.

146 1362 368 1426 Flamingi
403 1377 514 1408 vero
546 1360 785 1423 cupientes
820 1375 1016 1423 gravare
1052 1358 1287 1405 civitatem
1318 1362 1492 1405 Torna-

81 1454 289 1495 censem,
327 1442 608 1500 aptaverunt
644 1452 835 1483 currum
874 1451 1016 1498 quem
1053 1434 1152 1498 iiij0r
1190 1433 1346 1498 magni
1384 1433 1490 1496 equi

81 1515 330 1571 vehebant,
361 1529 562 1576 eumque
590 1513 746 1560 multis
776 1512 1076 1559 straminibus
1107 1514 1421 1558 oneraverunt
1446 1514 1493 1555 et

81 1591 265 1639 duobus
299 1590 485 1638 milibus
517 1590 630 1637 viris
664 1589 855 1636 armatis
893 1589 1219 1636 conduxerunt
1249 1604 1397 1651 usque
1433 1586 1490 1632 ad

81 1668 255 1715 baillias
287 1667 502 1725 civitatis,
535 1683 693 1714 coram
724 1672 860 1729 porta
892 1665 1045 1713 Sancti
1076 1665 1289 1721 Fontis¹;
1325 1663 1491 1712 deinde

81 1745 295 1809 apposito
322 1745 445 1809 igne,
477 1744 632 1791 fumus
658 1743 927 1790 elevebatur
952 1748 1115 1789 contra
1142 1741 1294 1789 menia
1327 1759 1334 1787 :
1365 1739 1492 1803 quod

80 1821 298 1870 custodes
315 1837 560 1869 murorum
579 1820 936 1884 prospicientes,
959 1819 1216 1866 maximum
1238 1819 1492 1865 clamorem

81 1900 351 1948 emiserunt.
386 1899 456 1947 Ad
489 1915 630 1962 quem
663 1898 814 1945 omnis
853 1897 1015 1944 civitas
1049 1901 1283 1944 commota
1316 1900 1410 1949 est,
1447 1898 1493 1940 et

82 1976 267 2023 soldarii
304 1976 429 2040 regis
461 1975 653 2023 Francie
691 1991 798 2023 cum
836 1974 924 2021 illis
962 1974 1020 2021 de
1053 1973 1158 2020 villa
1196 1972 1371 2036 pariter
1402 1969 1492 2016 illic

81 2057 405 2099 cucurrerunt.

148 2128 363 2176 Similiter
382 2128 613 2176 exercitus
633 2127 932 2192 Anglicorum
961 2130 1241 2181 commotus,
1265 2124 1338 2170 illa
1359 2128 1492 2186 parte

84 2291 281 2327 Warnant
312 2290 387 2338 (ed.
417 2291 540 2335 Luce,
572 2296 599 2327 t.
628 2290 687 2336 ΙΙ,
715 2302 751 2336 p.
780 2301 871 2325 xxxx
903 2294 939 2325 et
970 2293 1059 2324 note
1086 2287 1137 2332 2).
1164 2285 1407 2333 Cependant‚
1437 2297 1490 2321 un

83 2355 186 2386 texte
209 2350 343 2386 formel
364 2350 489 2386 donne
513 2360 554 2385 ce
575 2350 663 2385 titre
684 2349 705 2384 ἐι
720 2350 819 2385 Jean
836 2348 880 2384 de
898 2347 1112 2393 Mortagne,
1132 2346 1313 2393 seigneur
1329 2345 1373 2382 de
1387 2346 1490 2381 Lan-

83 2409 150 2445 das
179 2411 296 2452 dbia„
326 2414 415 2444 note
438 2410 484 2454 1),
511 2420 583 2455 que
610 2414 720 2444 notre
749 2407 960 2453 chronique
984 2416 1139 2442 nomme
1159 2405 1345 2452 quelques
1367 2405 1490 2451 lignes

82 2469 167 2515 plus
188 2468 268 2503 has.
288 2467 426 2503 L’abbe
446 2467 609 2503 Hossart
627 2469 797 2515 (Histoire
817 2468 1082 2510 eccleci’astique
1101 2469 1133 2500 et
1149 2465 1306 2510 profane
1328 2466 1378 2499 du
1399 2466 1492 2499 Hai-

83 2532 186 2572 naut,
211 2532 238 2563 t.
261 2527 312 2572 ΙΙ,
334 2538 369 2573 p.
392 2526 466 2571 129)
490 2527 636 2573 appelle
658 2527 691 2562 le
712 2536 955 2573 gouverneur
976 2525 1021 2561 de
1043 2523 1318 2560 Marchiennes
1340 2524 1492 2570 Ayme-

84 2587 139 2624 ric
159 2587 205 2623 de
228 2586 385 2623 Verval.

132 2648 164 2682 1.
188 2646 347 2692 D'apres
374 2645 440 2681 des
468 2645 700 2692 chroniques
730 2643 1043 2680 tournaisiennes
1075 2643 1194 2679 citees
1220 2654 1289 2689 par
1310 2642 1344 2678 le
1369 2641 1489 2677 baron

85 2706 246 2754 Kervyn
271 2706 316 2742 de
344 2705 582 2742 Lettenhove
612 2704 828 2750 (Froissart,
855 2708 882 2739 t.
906 2703 976 2749 111,
1005 2715 1039 2750 p.
1068 2703 1163 2748 500),
1192 2702 1349 2738 l’assaut
1377 2701 1421 2735 de
1456 2701 1490 2736 la

85 2771 191 2813 porte
214 2765 555 2802 Salute-Fontaine
576 2764 631 2799 fut
651 2764 778 2799 donne
798 2774 866 2810 par
887 2764 941 2799 les
963 2762 1170 2798 Flamands
1194 2763 1224 2797 le
1246 2761 1290 2797 26
1312 2762 1414 2796 aeut.
