1923 3358
110 279 214 327 1369]
384 284 754 317 GHRONOGRAPHIA
780 284 932 317 REGUM
957 284 1236 317 FRANCORUM.
1440 280 1503 317 341

173 363 350 428 Anglici
383 380 513 420 vero,
550 380 668 427 quos
701 363 888 410 nomine
910 363 1035 427 regis
1059 362 1307 411 Edowardi
1333 363 1509 411 condu-

107 438 240 486 cebat
258 439 508 495 Johannes,
537 439 658 486 filius
683 439 799 502 ejus,
824 438 920 486 dux
947 438 1199 486 Lincastrie
1226 455 1331 486 cum
1352 440 1509 487 multis

106 515 203 563 aliis
236 515 487 579 capitaneis
512 521 557 562 et
588 515 853 562 hominibus
885 532 1142 572 armorum,
1174 521 1325 563 castr-a
1350 517 1509 564 metati

107 591 254 656 [sunt]
286 608 452 639 versus
482 591 732 638 Kalesium.
761 595 905 638 Porro
931 592 1110 649 Franci,
1139 592 1280 656 primi
1304 608 1510 640 recesse-

104 674 214 715 runt
251 668 349 715 sine
389 667 555 715 bello1.
595 671 720 715 Tunc
755 668 929 731 Anglici
970 667 1196 715 intrantes
1237 669 1509 717 comitatum

104 744 307 802 Pontivi,
353 744 551 791 multum
586 743 949 791 devastaverunt
982 761 1106 792 eum.
1151 745 1325 793 Deinde
1358 752 1510 794 trans—

103 827 266 870 euntes
297 821 492 868 fluvium
527 823 748 878 Somene,
785 821 1076 869 intraverunt
1108 822 1308 885 patriam
1336 822 1510 870 Cadur-

103 899 190 946 cii2
223 914 364 962 quam
396 897 639 960 depredati
675 903 798 954 sunt,
838 913 891 945 ac
921 897 1029 945 inde
1062 898 1277 946 abierunt
1302 899 1505 956 Harsseu,

100 976 181 1024 ubi
210 975 448 1039 navigium
473 974 599 1038 regis
626 975 815 1021 Francie
836 976 982 1031 erat3‚
1013 975 1168 1022 villam
1202 976 1509 1040 impugnave-

101 1057 235 1108 runt3
278 1051 360 1099 sed
399 1051 588 1098 minime
630 1051 935 1114 expedientes
971 1051 1144 1099 iterum
1188 1069 1273 1115 per
1308 1053 1507 1116 patriam

102 1128 312 1177 Cadurcii
334 1133 380 1175 et
401 1145 487 1192 per
507 1134 614 1175 ante
639 1128 991 1175 Abbatisvillam
1012 1129 1191 1175 reversi
1212 1134 1336 1176 sunt.

166 1209 292 1253 Tunc
312 1205 425 1253 exiit
449 1211 611 1252 contra
633 1222 714 1252 eos
734 1209 867 1269 Hugo
893 1205 951 1252 de
971 1205 1261 1262 Castellione,
1287 1205 1510 1270 magister

102 1283 464 1339 balistariorum,
486 1299 591 1330 cum
609 1281 964 1346 quatuordecim
981 1282 1221 1339 militibus,
1245 1282 1325 1345 qui
1345 1298 1509 1330 omnes

101 1360 239 1408 occisi
281 1365 388 1407 sunt
428 1366 587 1422 pretei¹
624 1363 869 1424 Hugonem
905 1360 985 1422 qui
1020 1365 1184 1422 eaptus
1219 1366 1290 1407 est
1320 1359 1504 1406 vivus4.

100 1436 279 1500 Anglici
305 1452 419 1483 vero
445 1435 645 1498 patriam
678 1435 967 1483 devastando
998 1435 1201 1499 regressi
1236 1441 1345 1483 sunt
1376 1435 1508 1482 Kale-

101 1529 238 1560 sium.

165 1589 343 1639 Eodem
370 1606 509 1647 anno,
546 1589 721 1637 scilicet
744 1596 798 1638 Μ0
815 1589 919 1639 000⁰
934 1589 1066 1637 LX1X⁰
1091 1592 1214 1653 Papa
1242 1589 1457 1638 Urbanus
1483 1606 1509 1636 a

99 1750 146 1786 de
179 1747 447 1795 Saint-Omer,
483 1753 626 1784 canton
659 1747 841 1784 d'Ardres
877 1746 1094 1794 (Froissart,
1130 1746 1187 1783 ed.
1215 1747 1336 1795 Luce,
1364 1751 1391 1783 t.
1423 1748 1506 1794 VII,

99 1820 134 1856 p.
159 1808 225 1845 165
246 1813 284 1844 et
305 1808 397 1854 374).

149 1868 181 1903 1.
204 1867 328 1914 Apres
357 1867 437 1903 etre
468 1867 568 1902 reste
598 1877 647 1902 en
678 1866 923 1903 observation
953 1866 975 1901 a
1003 1865 1252 1902 Tournehem
1281 1865 1422 1901 devant
1452 1866 1508 1901 les

99 1925 264 1973 Anglais
285 1925 418 1973 depuis
440 1926 474 1961 le
495 1926 539 1962 25
561 1927 664 1972 aont,
687 1926 722 1961 le
742 1925 815 1961 due
836 1925 880 1961 de
902 1926 1132 1972 Bourgogne
1154 1924 1235 1960 s‘en
1264 1924 1338 1959 alla
1365 1924 1386 1959 a
1407 1924 1508 1961 Hes-

99 1984 165 2020 din
186 1984 220 2019 le
243 1984 286 2020 13
308 1984 524 2030 septembre
551 1994 641 2018 sans
669 1983 776 2020 avoir
800 1984 883 2019 rien
911 1983 977 2019 fait
1005 1983 1058 2028 (E.
1084 1982 1199 2029 Petit,
1225 1985 1442 2018 Itine'raz'res
1467 1986 1508 2019 de

99 2045 266 2089 Philippa
293 2046 324 2079 le
350 2045 469 2079 Hardz'
495 2046 527 2078 et
553 2044 594 2078 de
618 2044 709 2078 Jean
732 2043 954 2087 Sans-Peur,
980 2044 1067 2078 duos
1096 2044 1137 2077 de
1159 2043 1380 2088 Bourqoyne,
1404 2053 1440 2090 p.
1463 2043 1507 2079 58

102 2107 140 2139 et
161 2103 232 2147 59).

144 2161 180 2198 2.
202 2161 258 2197 Le
278 2171 375 2208 pays
397 2160 442 2196 de
464 2159 586 2196 Caux.

146 2220 178 2256 3.
205 2219 281 2256 Sur
307 2220 344 2255 la
373 2220 480 2256 flotte
510 2219 644 2255 reunie
675 2218 696 2254 a.
723 2218 916 2264 Harfleur,
946 2217 1030 2254 voir
1055 2210 1195 2254 l’E'tude
1219 2229 1286 2254 sur
1315 2221 1351 2255 la
1382 2221 1436 2255 vie
1467 2221 1509 2256 de

98 2281 190 2316 ,Iean
220 2282 251 2315 le
277 2280 443 2323 Mercier,
472 2290 508 2326 p.
533 2278 614 2323 168,
645 2283 682 2314 et
706 2277 908 2322 Froissart‚
939 2276 996 2312 ed.
1019 2277 1138 2323 Luce,
1164 2282 1194 2313 t.
1216 2276 1305 2323 VII,
1333 2289 1369 2325 p.
1394 2290 1508 2324 mxu,

100 2344 190 2374 note
223 2339 257 2375 2.
286 2339 339 2374 Le
372 2338 445 2374 due
479 2337 524 2374 de
553 2339 766 2374 Lancastre
797 2348 845 2373 ne
875 2342 976 2373 resta
1003 2347 1070 2383 pas
1096 2336 1181 2383 plus
1208 2336 1253 2372 de
1279 2337 1373 2373 trois
1399 2337 1507 2385 jours

100 2399 243 2435 devant
263 2398 445 2434 Harfleur
466 2400 584 2443 (mica,
610 2410 646 2446 p.
670 2410 823 2443 Lxxxm,
848 2402 936 2434 note
959 2397 992 2443 6,
1015 2403 1051 2433 et
1071 2408 1222 2443 Lxxxlv,
1244 2402 1334 2434 note
1357 2398 1403 2443 1).

147 2458 182 2493 4.
205 2457 260 2493 Cf.
283 2459 445 2495 Grandes
466 2458 703 2503 Chroniques,
727 2463 754 2493 t.
771 2457 842 2502 VI,
863 2469 898 2503 p.
923 2456 1004 2501 320,
1028 2462 1064 2492 et
1081 2456 1288 2503 Froissart,
1310 2456 1369 2493 e'd.
1386 2456 1506 2502 Luce,

99 2522 127 2552 t.
151 2515 241 2561 VII,
269 2526 304 2562 p.
332 2515 409 2551 194.
433 2516 489 2551 La
513 2515 668 2551 version
697 2515 764 2551 des
797 2516 958 2552 Grandes
989 2516 1213 2559 Clzronz'ques
1244 2520 1302 2551 est
1334 2514 1506 2561 preferee

101 2586 195 2612 avec
216 2574 344 2610 raison
364 2585 432 2621 par
452 2575 504 2610 M.
531 2574 568 2610 S.
589 2575 693 2611 Luce
714 2575 736 2610 a
757 2574 852 2610 celle
873 2573 919 2609 de
939 2573 1130 2609 Froissart
1152 2575 1191 2619 (t.
1210 2573 1299 2619 VII,
1321 2585 1356 2620 p.
1381 2585 1504 2619 LXXXI,

101 2639 190 2670 note
217 2634 265 2679 4).
288 2634 349 2669 En
376 2633 478 2678 effet,
502 2633 528 2668 il
554 2644 604 2669 ne
630 2633 846 2680 paraitpas
873 2644 945 2680 que
973 2633 1007 2668 le
1033 2632 1106 2670 due
1133 2633 1178 2668 de
1199 2633 1411 2669 Laneastre
1433 2633 1506 2669 soit

100 2694 229 2729 rentre'
263 2693 284 2728 a
323 2692 448 2728 Calais
488 2692 650 2729 aussitot
686 2693 796 2739 apres
829 2693 865 2728 la
898 2693 1142 2728 chevauchee
1176 2692 1220 2727 de
1255 2692 1504 2728 Tournehem

103 2757 221 2788 avant
249 2751 394 2788 d'avoir
416 2752 557 2797 ravage
578 2752 612 2788 le
634 2762 728 2798 pays
749 2751 794 2788 de
816 2751 924 2787 Caux
947 2753 1063 2796 (Ibid.‚
1088 2763 1124 2798 p.
1148 2752 1314 2788 Lxxxmi.
