1923 3358
153 289 371 337 1314-1332]
417 293 792 327 CHRONOGRAPHIA
818 292 971 326 REGUM
995 289 1274 325 FRANCORUM.
1516 289 1560 326 29

153 372 330 432 Quibus
361 373 546 431 auditis,
576 389 660 420 rex
686 372 849 437 Anglie
880 372 1080 420 multum
1109 371 1253 420 iratus
1288 376 1375 428 est,
1405 371 1563 419 dicens

152 467 201 498 se
227 450 606 498 irrationabiliter
633 450 795 497 fecisse
821 449 1090 514 homagium
1113 448 1326 513 Philippo
1352 448 1411 496 de
1431 449 1562 499 Vale-

151 529 237 586 sio,
267 529 347 593 qui
379 529 532 577 taliter
563 544 670 576 eum
699 527 924 592 gravabat
949 533 996 574 et
1020 544 1218 592 regnum
1251 527 1442 576 Francie
1474 527 1563 575 sibi

149 606 378 664 saisierat,
414 622 521 653 cum
554 605 757 661 sibimet,
787 603 1138 667 propinquitate
1167 604 1435 669 sanguinea,
1465 604 1563 653 dic-

148 688 250 732 tum
275 682 466 731 Francie
492 697 692 746 regnum
718 686 1028 744 competeret.

214 758 385 808 Pori-0¹
415 759 633 807 dominus
657 758 890 807 ,Iohannes
915 758 973 806 de
999 757 1216 805 Bailleolo
1242 758 1289 805 in
1309 759 1558 817 Vimesi02‚

149 837 245 901 qui,
263 842 314 885 ut
333 836 509 885 dictum
527 842 598 884 est
615 853 775 900 supra,
796 835 1103 883 transfretans
1119 835 1164 882 in
1183 835 1402 894 Scotiam‚
1422 837 1563 884 filiam

147 914 332 963 unicam
362 913 636 970 Alexandri,
675 913 875 961 condam
908 912 1032 977 regis
1071 913 1245 970 Scotie‚
1284 913 1482 960 duxerat
1516 913 1563 960 in

147 1008 363 1049 uxorem,
385 991 559 1055 quique
573 990 752 1038 ratione
774 990 1002 1055 ejusdem,
1022 989 1288 1038 Alexandro
1304 1007 1415 1055 rege
1436 1007 1563 1038 mor-

147 1073 245 1126 tu0‚
269 1068 315 1116 in
341 1084 453 1133 rege
479 1067 632 1116 Scotie
659 1073 909 1115 coronatus
937 1067 1104 1124 fuerat,
1129 1067 1188 1114 de
1215 1066 1378 1114 eadem
1403 1068 1563 1132 regina

147 1162 295 1194 uxore
321 1163 404 1194 sua
427 1146 590 1194 habuit
615 1162 761 1194 unum
786 1146 950 1202 filium,
976 1161 1117 1209 quem
1141 1145 1453 1202 Edowardus,
1476 1162 1561 1193 rex

147 1223 329 1287 Anglie‚
360 1223 418 1270 de
450 1240 582 1271 sacro
614 1224 741 1270 fonte
772 1223 945 1271 levavit
977 1229 1023 1270 et
1054 1223 1099 1269 in
1127 1221 1295 1270 eodem
1326 1222 1562 1286 baptismo

149 1315 319 1346 nomen
351 1315 488 1347 suum
522 1299 668 1347 dedit.
706 1301 913 1362 Cumque
951 1298 1102 1346 dictus
1135 1298 1368 1347 Johannes
1399 1315 1484 1346 rex
1516 1303 1563 1346 et

147 1375 308 1440 regina
333 1393 454 1423 uxor
479 1393 563 1424 sua
587 1377 787 1424 Scotiam
812 1375 1144 1439 relinquissent
1166 1392 1219 1423 ac
1237 1375 1423 1440 navigio
1442 1379 1562 1423 Pon-

147 1451 297 1499 tivum
336 1452 615 1515 aplicassent
648 1459 694 1500 et
729 1453 966 1500 venissent
991 1452 1049 1499 ad
1087 1452 1375 1508 Bassleolum,
1405 1452 1562 1500 villam

148 1544 297 1587 suam,
326 1529 407 1577 ubi
440 1535 549 1594 post
580 1546 770 1578 cursum
803 1530 896 1578 vite
928 1546 1010 1577 sue
1042 1529 1255 1577 tumulati
1286 1535 1410 1587 sunt,
1440 1529 1561 1577 filius

148 1622 312 1654 eorum
336 1605 630 1655 Edowardus
654 1606 935 1670 perveniens
960 1606 1019 1654 ad
1045 1623 1192 1654 annos
1221 1606 1557 1664 discretionis3‚

147 1682 424 1730 informatus
444 1689 514 1730 est
537 1683 735 1746 qualiter
755 1683 859 1747 jure
884 1682 1167 1730 hereditario
1192 1683 1279 1730 sibi
1305 1684 1562 1746 pertineret

147 1775 348 1824 regnum
368 1760 545 1817 Scotie3
569 1760 864 1825 congregatis
884 1776 998 1825 ergo
1019 1760 1065 1806 in
1089 1759 1211 1807 dicta
1231 1760 1337 1807 villa
1363 1759 1422 1807 de
1445 1760 1563 1807 Bail-

146 1836 266 1884 leolo
289 1837 469 1886 cunctis
488 1837 546 1885 de
567 1838 843 1903 cognatione
867 1854 950 1886 sua
973 1843 1020 1885 et
1039 1837 1138 1885 aliis
1161 1842 1392 1900 quotquot
1412 1837 1563 1901 potuit

146 1915 336 1973 habere,
360 1915 552 1963 recessit
571 1916 681 1963 inde
704 1933 758 1964 ac
783 1916 992 1980 perrexit
1012 1915 1070 1963 ad
1091 1931 1254 1980 regem
1273 1914 1457 1978 Anglie‚
1483 1914 1563 1977 qui

147 1998 258 2039 tunc
281 1992 520 2040 Londonia
545 1998 647 2041 erat
673 1993 809 2056 eique
836 1993 1082 2057 suplicavit
1108 1992 1278 2039 obnixe
1305 1991 1432 2054 quod
1455 2007 1562 2038 eum

146 2068 330 2133 juvaret
354 2075 516 2118 contra
541 2070 708 2126 David,
731 2071 878 2118 filium
901 2069 1094 2119 Roberti
1114 2069 1172 2116 de
1192 2071 1327 2125 Brus,
1353 2068 1433 2131 qui
1453 2084 1562 2115 con-

148 2152 220 2194 tra
254 2147 483 2196 rationem
518 2147 709 2196 tenebat
744 2164 943 2213 regnum
977 2146 1104 2211 quod
1143 2146 1228 2193 sibi
1267 2145 1564 2209 competebat

148 2224 287 2288 pleno
308 2225 412 2289 jure
441 2242 499 2272 ex
525 2231 658 2289 parte
687 2226 848 2290 regine
881 2225 1044 2272 matris
1069 2240 1168 2281 sue,
1199 2223 1272 2271 cui
1305 2223 1563 2271 secundum

148 2366 200 2407 (p.
222 2361 304 2406 245,
328 2366 416 2396 note
438 2361 487 2401 5).
510 2360 560 2396 Ce
587 2367 691 2397 texte
713 2361 851 2397 estime
879 2360 900 2395 ἐι
923 2360 1028 2405 1,200
1055 2359 1090 2395 le
1117 2359 1277 2395 nombre
1305 2359 1371 2395 des
1395 2357 1560 2405 Anglais

147 2419 227 2466 pris
247 2430 296 2455 ou
316 2420 414 2455 tues,
438 2419 470 2455 Il
490 2419 568 2456 doit
588 2432 612 2467 y
634 2420 741 2457 avoir
755 2420 792 2455 la
808 2431 883 2455 une
904 2419 1007 2455 faute
1031 2431 1038 2454 :
1063 2429 1129 2454 car
1149 2419 1204 2454 les
1225 2420 1428 2454 Anciennes
1450 2420 1557 2454 chro-

149 2481 277 2523 niques
309 2480 350 2514 de
385 2480 545 2514 mandre
573 2481 696 2519 (Istore
723 2483 754 2514 et
782 2481 973 2524 crom'ques
998 2479 1039 2513 de
1065 2479 1260 2522 Flamlres,
1291 2483 1317 2514 t.
1343 2477 1379 2524 Ι,
1410 2488 1446 2524 p.
1479 2477 1560 2522 411)

149 2537 322 2574 donnent
343 2548 493 2574 comme
515 2543 625 2573 notre
647 2537 861 2585 chronique
882 2537 917 2573 le
938 2537 1072 2573 chiffre
1093 2536 1139 2572 de
1164 2537 1307 2583 12,000.

198 2598 230 2633 1.
254 2597 306 2633 Le
326 2608 488 2644 passage
509 2597 638 2633 relatis
653 2597 675 2632 a
695 2597 732 2633 la
753 2608 966 2644 campagus
986 2587 1165 2634 d’Ecosse
1180 2608 1229 2634 ne
1246 2596 1367 2644 figure
1383 2606 1451 2643 pas
1465 2595 1561 2631 dans

150 2657 206 2693 les
225 2657 428 2693 Ancz'ennes
448 2657 665 2702 chroniques
685 2658 726 2692 de
747 2658 918 2693 Flandre.

197 2716 232 2753 2.
258 2716 302 2751 V.
326 2727 452 2761 supra,
475 2721 503 2751 t.
525 2715 558 2763 Ι,
580 2726 617 2762 p.
641 2716 685 2752 75
707 2715 729 2750 ὁ.
749 2715 807 2752 78.

199 2775 231 2813 3.
254 2765 432 2812 Edouard
453 2775 576 2812 Baliol
598 2774 763 2811 succe'da
783 2786 833 2812 en
854 2775 944 2812 1314
966 2786 1042 2811 aux
1063 2774 1145 2812 fiefs
1167 2774 1212 2811 de
1234 2785 1304 2811 son
1325 2774 1428 2821 pere.
