<?xml version="1.0" encoding="UTF-8"?>
<!DOCTYPE html PUBLIC "-//W3C//DTD XHTML 1.0 Transitional//EN"
    "http://www.w3.org/TR/xhtml1/DTD/xhtml1-transitional.dtd">
<html xmlns="http://www.w3.org/1999/xhtml" xml:lang="en" lang="en">
 <head>
  <title>
</title>
<meta http-equiv="Content-Type" content="text/html;charset=utf-8" />
  <meta name='ocr-system' content='tesseract 3.04.00' />
  <meta name='ocr-capabilities' content='ocr_page ocr_carea ocr_par ocr_line ocrx_word'/>
</head>
<body>
  <div class='ocr_page' id='page_1' title='image "./chronographiareg02mora_0341.png"; bbox 0 0 1923 3358; ppageno 0'>
   <div class='ocr_carea' id='block_1_1' title="bbox 123 289 1523 340">
    <p class='ocr_par' dir='ltr' id='par_1_1' title="bbox 123 289 1523 340">
     <span class='ocr_line' id='line_1_1' title="bbox 123 289 1523 340; baseline -0.004 -9"><span class='ocrx_word' id='word_1_1' title='bbox 123 294 227 340; x_wconf 80' lang='grc'><strong>1367]</strong></span> <span class='ocrx_word' id='word_1_2' title='bbox 393 298 765 331; x_wconf 81' lang='lat' dir='ltr'><strong>CHRONOGRAPHIA</strong></span> <span class='ocrx_word' id='word_1_3' title='bbox 791 298 944 330; x_wconf 85' lang='lat' dir='ltr'>REGUM</span> <span class='ocrx_word' id='word_1_4' title='bbox 968 296 1247 329; x_wconf 85' lang='lat' dir='ltr'><strong>FRANCORUM.</strong></span> <span class='ocrx_word' id='word_1_5' title='bbox 1457 289 1523 326; x_wconf 67' lang='lat'>329</span> 
     </span>
    </p>
   </div>
   <div class='ocr_carea' id='block_1_2' title="bbox 112 374 1529 2436">
    <p class='ocr_par' dir='ltr' id='par_1_2' title="bbox 112 374 1528 1499">
     <span class='ocr_line' id='line_1_2' title="bbox 185 374 1527 441; baseline -0.003 -17"><span class='ocrx_word' id='word_1_6' title='bbox 185 377 411 425; x_wconf 88' lang='lat' dir='ltr'>Henricus</span> <span class='ocrx_word' id='word_1_7' title='bbox 433 393 518 425; x_wconf 82' lang='lat' dir='ltr'>rex</span> <span class='ocrx_word' id='word_1_8' title='bbox 544 393 650 425; x_wconf 87' lang='lat' dir='ltr'>cum</span> <span class='ocrx_word' id='word_1_9' title='bbox 670 377 887 441; x_wconf 89' lang='lat' dir='ltr'>Hispanis</span> <span class='ocrx_word' id='word_1_10' title='bbox 913 377 1026 433; x_wconf 88' lang='lat' dir='ltr'>suis,</span> <span class='ocrx_word' id='word_1_11' title='bbox 1053 393 1109 424; x_wconf 89' lang='lat' dir='ltr'>eo</span> <span class='ocrx_word' id='word_1_12' title='bbox 1131 375 1258 439; x_wconf 92' lang='lat' dir='ltr'>quod</span> <span class='ocrx_word' id='word_1_13' title='bbox 1277 374 1385 438; x_wconf 92' lang='lat' dir='ltr'>equi</span> <span class='ocrx_word' id='word_1_14' title='bbox 1410 389 1527 421; x_wconf 92' lang='lat' dir='ltr'>non-</span> 
     </span>
     <span class='ocr_line' id='line_1_3' title="bbox 119 451 1527 518; baseline -0.002 -17"><span class='ocrx_word' id='word_1_15' title='bbox 119 454 352 502; x_wconf 87' lang='lat' dir='ltr'>nullorum</span> <span class='ocrx_word' id='word_1_16' title='bbox 381 471 545 502; x_wconf 90' lang='lat' dir='ltr'>eorum</span> <span class='ocrx_word' id='word_1_17' title='bbox 577 460 708 501; x_wconf 88' lang='lat' dir='ltr'>erant</span> <span class='ocrx_word' id='word_1_18' title='bbox 737 454 933 511; x_wconf 74' lang='lat' dir='ltr'>loricati,</span> <span class='ocrx_word' id='word_1_19' title='bbox 966 453 1173 518; x_wconf 82' lang='lat' dir='ltr'>aggressi</span> <span class='ocrx_word' id='word_1_20' title='bbox 1204 458 1311 501; x_wconf 89' lang='lat' dir='ltr'>sunt</span> <span class='ocrx_word' id='word_1_21' title='bbox 1338 451 1527 516; x_wconf 81' lang='lat' dir='ltr'>sagitta-</span> 
     </span>
     <span class='ocr_line' id='line_1_4' title="bbox 117 528 1526 594; baseline -0.002 -17"><span class='ocrx_word' id='word_1_22' title='bbox 117 530 213 578; x_wconf 81' lang='lat' dir='ltr'>rios</span> <span class='ocrx_word' id='word_1_23' title='bbox 233 531 483 594; x_wconf 87' lang='lat' dir='ltr'>principis;</span> <span class='ocrx_word' id='word_1_24' title='bbox 507 530 670 578; x_wconf 88' lang='lat' dir='ltr'>Franci</span> <span class='ocrx_word' id='word_1_25' title='bbox 696 546 810 577; x_wconf 89' lang='lat' dir='ltr'>vero</span> <span class='ocrx_word' id='word_1_26' title='bbox 837 530 894 577; x_wconf 93' lang='lat' dir='ltr'>ab</span> <span class='ocrx_word' id='word_1_27' title='bbox 921 530 1054 592; x_wconf 89' lang='lat' dir='ltr'>equis</span> <span class='ocrx_word' id='word_1_28' title='bbox 1075 529 1169 577; x_wconf 91' lang='lat' dir='ltr'>suis</span> <span class='ocrx_word' id='word_1_29' title='bbox 1189 528 1526 577; x_wconf 81' lang='lat' dir='ltr'>descendentes</span> 
     </span>
     <span class='ocr_line' id='line_1_5' title="bbox 118 604 1526 671; baseline -0.002 -17"><span class='ocrx_word' id='word_1_30' title='bbox 118 608 300 670; x_wconf 86' lang='lat' dir='ltr'>pedites</span> <span class='ocrx_word' id='word_1_31' title='bbox 326 611 656 671; x_wconf 81' lang='lat' dir='ltr'>pugnaverunt</span> <span class='ocrx_word' id='word_1_32' title='bbox 690 611 853 653; x_wconf 90' lang='lat' dir='ltr'>contra</span> <span class='ocrx_word' id='word_1_33' title='bbox 884 606 1141 670; x_wconf 77' lang='lat' dir='ltr'>principem</span> <span class='ocrx_word' id='word_1_34' title='bbox 1171 613 1217 654; x_wconf 86' lang='lat' dir='ltr'>et</span> <span class='ocrx_word' id='word_1_35' title='bbox 1251 606 1350 670; x_wconf 83' lang='lat' dir='ltr'>ejus</span> <span class='ocrx_word' id='word_1_36' title='bbox 1377 604 1526 652; x_wconf 92' lang='lat' dir='ltr'>homi-</span> 
     </span>
     <span class='ocr_line' id='line_1_6' title="bbox 117 680 1527 746; baseline -0.003 -15"><span class='ocrx_word' id='word_1_37' title='bbox 117 699 200 731; x_wconf 91' lang='lat' dir='ltr'>nes</span> <span class='ocrx_word' id='word_1_38' title='bbox 231 699 490 730; x_wconf 87' lang='lat' dir='ltr'>armorum.</span> <span class='ocrx_word' id='word_1_39' title='bbox 524 682 680 729; x_wconf 84' lang='lat' dir='ltr'>Primo</span> <span class='ocrx_word' id='word_1_40' title='bbox 713 682 904 745; x_wconf 90' lang='lat' dir='ltr'>quidem</span> <span class='ocrx_word' id='word_1_41' title='bbox 939 682 1117 746; x_wconf 88' lang='lat' dir='ltr'>impetu</span> <span class='ocrx_word' id='word_1_42' title='bbox 1149 682 1361 729; x_wconf 82' lang='lat' dir='ltr'>vicerunt</span> <span class='ocrx_word' id='word_1_43' title='bbox 1386 680 1527 745; x_wconf 83' lang='lat' dir='ltr'>sagit-</span> 
     </span>
     <span class='ocr_line' id='line_1_7' title="bbox 116 759 1525 823; baseline -0.002 -16"><span class='ocrx_word' id='word_1_44' title='bbox 116 759 218 807; x_wconf 89' lang='lat' dir='ltr'>tarii</span> <span class='ocrx_word' id='word_1_45' title='bbox 246 760 392 807; x_wconf 87' lang='lat' dir='ltr'>aciem</span> <span class='ocrx_word' id='word_1_46' title='bbox 424 760 772 823; x_wconf 89' lang='lat' dir='ltr'>Hispaniorum,</span> <span class='ocrx_word' id='word_1_47' title='bbox 805 759 1028 822; x_wconf 90' lang='lat' dir='ltr'>quoniam</span> <span class='ocrx_word' id='word_1_48' title='bbox 1061 776 1119 806; x_wconf 82' lang='lat' dir='ltr'>ex</span> <span class='ocrx_word' id='word_1_49' title='bbox 1151 759 1331 823; x_wconf 80' lang='lat' dir='ltr'>sagittis</span> <span class='ocrx_word' id='word_1_50' title='bbox 1359 774 1525 805; x_wconf 84' lang='lat' dir='ltr'>eorum</span> 
     </span>
     <span class='ocr_line' id='line_1_8' title="bbox 116 834 1527 901; baseline -0.002 -17"><span class='ocrx_word' id='word_1_51' title='bbox 116 836 275 901; x_wconf 87' lang='lat' dir='ltr'>plures</span> <span class='ocrx_word' id='word_1_52' title='bbox 303 836 513 899; x_wconf 88' lang='lat' dir='ltr'>ipsorum</span> <span class='ocrx_word' id='word_1_53' title='bbox 546 836 769 884; x_wconf 87' lang='lat' dir='ltr'>videbant</span> <span class='ocrx_word' id='word_1_54' title='bbox 799 852 947 899; x_wconf 92' lang='lat' dir='ltr'>equos</span> <span class='ocrx_word' id='word_1_55' title='bbox 979 852 1106 893; x_wconf 89' lang='lat' dir='ltr'>suos,</span> <span class='ocrx_word' id='word_1_56' title='bbox 1138 834 1527 882; x_wconf 85' lang='lat' dir='ltr'>nonobstantibus</span> 
     </span>
     <span class='ocr_line' id='line_1_9' title="bbox 117 910 1527 977; baseline -0.001 -17"><span class='ocrx_word' id='word_1_57' title='bbox 117 913 260 961; x_wconf 87' lang='lat' dir='ltr'>armis</span> <span class='ocrx_word' id='word_1_58' title='bbox 301 912 472 976; x_wconf 88' lang='lat' dir='ltr'>quibus</span> <span class='ocrx_word' id='word_1_59' title='bbox 515 929 595 960; x_wconf 91' lang='lat' dir='ltr'>eos</span> <span class='ocrx_word' id='word_1_60' title='bbox 639 918 874 977; x_wconf 84' lang='lat' dir='ltr'>tegerant,</span> <span class='ocrx_word' id='word_1_61' title='bbox 916 912 1083 960; x_wconf 86' lang='lat' dir='ltr'>cadere</span> <span class='ocrx_word' id='word_1_62' title='bbox 1127 918 1174 959; x_wconf 91' lang='lat' dir='ltr'>et</span> <span class='ocrx_word' id='word_1_63' title='bbox 1215 912 1361 968; x_wconf 81' lang='lat' dir='ltr'>mori3</span> <span class='ocrx_word' id='word_1_64' title='bbox 1403 910 1527 959; x_wconf 89' lang='lat' dir='ltr'>unde</span> 
     </span>
     <span class='ocr_line' id='line_1_10' title="bbox 115 989 1527 1054; baseline -0.001 -17"><span class='ocrx_word' id='word_1_65' title='bbox 115 990 259 1037; x_wconf 88' lang='lat' dir='ltr'>nimio</span> <span class='ocrx_word' id='word_1_66' title='bbox 294 1007 472 1053; x_wconf 86' lang='lat' dir='ltr'>pavore</span> <span class='ocrx_word' id='word_1_67' title='bbox 507 991 737 1054; x_wconf 78' lang='lat' dir='ltr'>correpti,</span> <span class='ocrx_word' id='word_1_68' title='bbox 778 990 867 1053; x_wconf 89' lang='lat' dir='ltr'>ipsi</span> <span class='ocrx_word' id='word_1_69' title='bbox 906 995 952 1037; x_wconf 91' lang='lat' dir='ltr'>et</span> <span class='ocrx_word' id='word_1_70' title='bbox 986 1006 1151 1037; x_wconf 91' lang='lat' dir='ltr'>eorum</span> <span class='ocrx_word' id='word_1_71' title='bbox 1185 1006 1269 1036; x_wconf 89' lang='lat' dir='ltr'>rex</span> <span class='ocrx_word' id='word_1_72' title='bbox 1303 989 1527 1036; x_wconf 89' lang='lat' dir='ltr'>Henricus</span> 
     </span>
     <span class='ocr_line' id='line_1_11' title="bbox 115 1066 1528 1132; baseline -0.002 -17"><span class='ocrx_word' id='word_1_73' title='bbox 115 1084 221 1115; x_wconf 86' lang='lat' dir='ltr'>cum</span> <span class='ocrx_word' id='word_1_74' title='bbox 248 1067 315 1115; x_wconf 90' lang='lat' dir='ltr'>eis</span> <span class='ocrx_word' id='word_1_75' title='bbox 335 1067 550 1131; x_wconf 85' lang='lat' dir='ltr'>protinus</span> <span class='ocrx_word' id='word_1_76' title='bbox 571 1073 702 1132; x_wconf 81' lang='lat' dir='ltr'>terga</span> <span class='ocrx_word' id='word_1_77' title='bbox 723 1072 976 1124; x_wconf 85' lang='lat' dir='ltr'>vertentes,</span> <span class='ocrx_word' id='word_1_78' title='bbox 999 1066 1107 1131; x_wconf 85' lang='lat' dir='ltr'>fuge</span> <span class='ocrx_word' id='word_1_79' title='bbox 1124 1066 1383 1130; x_wconf 89' lang='lat' dir='ltr'>presidium</span> <span class='ocrx_word' id='word_1_80' title='bbox 1400 1066 1528 1113; x_wconf 92' lang='lat' dir='ltr'>ocius</span> 
     </span>
     <span class='ocr_line' id='line_1_12' title="bbox 115 1143 1528 1208; baseline -0.002 -16"><span class='ocrx_word' id='word_1_81' title='bbox 115 1145 407 1208; x_wconf 87' lang='lat' dir='ltr'>quesierunt.</span> <span class='ocrx_word' id='word_1_82' title='bbox 434 1145 531 1192; x_wconf 89' lang='lat' dir='ltr'>Hiis</span> <span class='ocrx_word' id='word_1_83' title='bbox 566 1145 624 1192; x_wconf 93' lang='lat' dir='ltr'>de</span> <span class='ocrx_word' id='word_1_84' title='bbox 656 1161 824 1208; x_wconf 87' lang='lat' dir='ltr'>campo</span> <span class='ocrx_word' id='word_1_85' title='bbox 851 1143 1041 1199; x_wconf 84' lang='lat' dir='ltr'>evulsis,</span> <span class='ocrx_word' id='word_1_86' title='bbox 1072 1143 1235 1192; x_wconf 84' lang='lat' dir='ltr'>Franci</span> <span class='ocrx_word' id='word_1_87' title='bbox 1261 1143 1339 1207; x_wconf 92' lang='lat' dir='ltr'>qui</span> <span class='ocrx_word' id='word_1_88' title='bbox 1365 1148 1528 1190; x_wconf 87' lang='lat' dir='ltr'>contra</span> 
     </span>
     <span class='ocr_line' id='line_1_13' title="bbox 112 1219 1527 1285; baseline -0.001 -17"><span class='ocrx_word' id='word_1_89' title='bbox 112 1221 376 1285; x_wconf 89' lang='lat' dir='ltr'>principem</span> <span class='ocrx_word' id='word_1_90' title='bbox 414 1227 460 1269; x_wconf 89' lang='lat' dir='ltr'>et</span> <span class='ocrx_word' id='word_1_91' title='bbox 499 1222 598 1285; x_wconf 88' lang='lat' dir='ltr'>ejus</span> <span class='ocrx_word' id='word_1_92' title='bbox 632 1222 778 1268; x_wconf 90' lang='lat' dir='ltr'>aciem</span> <span class='ocrx_word' id='word_1_93' title='bbox 816 1221 1110 1285; x_wconf 85' lang='lat' dir='ltr'>pugnabant,</span> <span class='ocrx_word' id='word_1_94' title='bbox 1148 1237 1261 1267; x_wconf 82' lang='lat' dir='ltr'>mox</span> <span class='ocrx_word' id='word_1_95' title='bbox 1297 1219 1357 1267; x_wconf 93' lang='lat' dir='ltr'>ab</span> <span class='ocrx_word' id='word_1_96' title='bbox 1400 1219 1527 1267; x_wconf 90' lang='lat' dir='ltr'>omni</span> 
     </span>
     <span class='ocr_line' id='line_1_14' title="bbox 114 1296 1527 1360; baseline -0.002 -16"><span class='ocrx_word' id='word_1_97' title='bbox 114 1304 247 1360; x_wconf 90' lang='lat' dir='ltr'>parte</span> <span class='ocrx_word' id='word_1_98' title='bbox 271 1297 606 1345; x_wconf 85' lang='lat' dir='ltr'>circumvallati</span> <span class='ocrx_word' id='word_1_99' title='bbox 631 1297 689 1345; x_wconf 88' lang='lat' dir='ltr'>ab</span> <span class='ocrx_word' id='word_1_100' title='bbox 716 1297 946 1353; x_wconf 88' lang='lat' dir='ltr'>hostibus,</span> <span class='ocrx_word' id='word_1_101' title='bbox 976 1312 1261 1360; x_wconf 86' lang='lat' dir='ltr'>quamquam</span> <span class='ocrx_word' id='word_1_102' title='bbox 1288 1296 1407 1343; x_wconf 87' lang='lat' dir='ltr'>mira</span> <span class='ocrx_word' id='word_1_103' title='bbox 1432 1296 1527 1342; x_wconf 84' lang='lat' dir='ltr'>vir-</span> 
     </span>
     <span class='ocr_line' id='line_1_15' title="bbox 116 1372 1527 1438; baseline -0.001 -16"><span class='ocrx_word' id='word_1_104' title='bbox 116 1380 213 1422; x_wconf 90' lang='lat' dir='ltr'>tute</span> <span class='ocrx_word' id='word_1_105' title='bbox 245 1391 295 1422; x_wconf 90' lang='lat' dir='ltr'>se</span> <span class='ocrx_word' id='word_1_106' title='bbox 321 1375 659 1431; x_wconf 85' lang='lat' dir='ltr'>deffendercnt,</span> <span class='ocrx_word' id='word_1_107' title='bbox 692 1375 781 1438; x_wconf 90' lang='lat' dir='ltr'>ipsi</span> <span class='ocrx_word' id='word_1_108' title='bbox 815 1380 971 1421; x_wconf 88' lang='lat' dir='ltr'>tamen</span> <span class='ocrx_word' id='word_1_109' title='bbox 1005 1374 1141 1438; x_wconf 84' lang='lat' dir='ltr'>pauci</span> <span class='ocrx_word' id='word_1_110' title='bbox 1173 1392 1198 1420; x_wconf 93' lang='lat' dir='ltr'>a</span> <span class='ocrx_word' id='word_1_111' title='bbox 1229 1372 1527 1421; x_wconf 88' lang='lat' dir='ltr'>multitudine</span> 
     </span>
     <span class='ocr_line' id='line_1_16' title="bbox 115 1451 1024 1499; baseline 0.001 -2"><span class='ocrx_word' id='word_1_112' title='bbox 115 1451 225 1498; x_wconf 87' lang='lat' dir='ltr'>victi</span> <span class='ocrx_word' id='word_1_113' title='bbox 251 1457 359 1499; x_wconf 89' lang='lat' dir='ltr'>sunt</span> <span class='ocrx_word' id='word_1_114' title='bbox 386 1457 431 1498; x_wconf 93' lang='lat' dir='ltr'>et</span> <span class='ocrx_word' id='word_1_115' title='bbox 458 1451 691 1499; x_wconf 81' lang='lat' dir='ltr'>dirissima</span> <span class='ocrx_word' id='word_1_116' title='bbox 718 1452 830 1499; x_wconf 87' lang='lat' dir='ltr'>cede</span> <span class='ocrx_word' id='word_1_117' title='bbox 854 1451 1024 1498; x_wconf 85' lang='lat' dir='ltr'>affecti.</span> 
     </span>
    </p>

    <p class='ocr_par' dir='ltr' id='par_1_3' title="bbox 113 1527 1529 2053">
     <span class='ocr_line' id='line_1_17' title="bbox 178 1527 1528 1594; baseline -0.002 -18"><span class='ocrx_word' id='word_1_118' title='bbox 178 1532 321 1576; x_wconf 88' lang='lat' dir='ltr'>Erant</span> <span class='ocrx_word' id='word_1_119' title='bbox 338 1529 463 1576; x_wconf 89' lang='lat' dir='ltr'>enim</span> <span class='ocrx_word' id='word_1_120' title='bbox 483 1529 605 1577; x_wconf 84' lang='lat' dir='ltr'>inter</span> <span class='ocrx_word' id='word_1_121' title='bbox 630 1534 893 1594; x_wconf 81' lang='lat' dir='ltr'>nongentos</span> <span class='ocrx_word' id='word_1_122' title='bbox 914 1535 961 1576; x_wconf 88' lang='lat' dir='ltr'>et</span> <span class='ocrx_word' id='word_1_123' title='bbox 986 1528 1109 1575; x_wconf 91' lang='lat' dir='ltr'>mille</span> <span class='ocrx_word' id='word_1_124' title='bbox 1134 1527 1347 1575; x_wconf 89' lang='lat' dir='ltr'>homines</span> <span class='ocrx_word' id='word_1_125' title='bbox 1373 1543 1528 1574; x_wconf 90' lang='lat' dir='ltr'>armo-</span> 
     </span>
     <span class='ocr_line' id='line_1_18' title="bbox 114 1605 1529 1670; baseline -0.002 -17"><span class='ocrx_word' id='word_1_126' title='bbox 114 1622 237 1663; x_wconf 88' lang='lat' dir='ltr'>rum,</span> <span class='ocrx_word' id='word_1_127' title='bbox 266 1606 424 1669; x_wconf 88' lang='lat' dir='ltr'>ibique</span> <span class='ocrx_word' id='word_1_128' title='bbox 456 1606 579 1670; x_wconf 88' lang='lat' dir='ltr'>capti</span> <span class='ocrx_word' id='word_1_129' title='bbox 605 1612 713 1654; x_wconf 77' lang='lat' dir='ltr'>sunt</span> <span class='ocrx_word' id='word_1_130' title='bbox 735 1606 1022 1654; x_wconf 87' lang='lat' dir='ltr'>Bertrandus</span> <span class='ocrx_word' id='word_1_131' title='bbox 1053 1606 1111 1653; x_wconf 91' lang='lat' dir='ltr'>de</span> <span class='ocrx_word' id='word_1_132' title='bbox 1141 1605 1402 1668; x_wconf 89' lang='lat' dir='ltr'>Glaiquino,</span> <span class='ocrx_word' id='word_1_133' title='bbox 1430 1621 1529 1651; x_wconf 89' lang='lat' dir='ltr'>ma-</span> 
     </span>
     <span class='ocr_line' id='line_1_19' title="bbox 113 1682 1528 1738; baseline -0.001 -8"><span class='ocrx_word' id='word_1_134' title='bbox 113 1683 334 1730; x_wconf 84' lang='lat' dir='ltr'>rescallus</span> <span class='ocrx_word' id='word_1_135' title='bbox 359 1682 417 1730; x_wconf 91' lang='lat' dir='ltr'>de</span> <span class='ocrx_word' id='word_1_136' title='bbox 438 1683 722 1731; x_wconf 87' lang='lat' dir='ltr'>Audenehen</span> <span class='ocrx_word' id='word_1_137' title='bbox 749 1689 795 1730; x_wconf 91' lang='lat' dir='ltr'>et</span> <span class='ocrx_word' id='word_1_138' title='bbox 820 1683 989 1731; x_wconf 89' lang='lat' dir='ltr'>Balbus</span> <span class='ocrx_word' id='word_1_139' title='bbox 1009 1682 1068 1730; x_wconf 94' lang='lat' dir='ltr'>de</span> <span class='ocrx_word' id='word_1_140' title='bbox 1093 1682 1315 1738; x_wconf 89' lang='lat' dir='ltr'>Villaniis,</span> <span class='ocrx_word' id='word_1_141' title='bbox 1341 1698 1528 1729; x_wconf 88' lang='lat' dir='ltr'>omnes-</span> 
     </span>
     <span class='ocr_line' id='line_1_20' title="bbox 113 1757 1524 1823; baseline -0.001 -17"><span class='ocrx_word' id='word_1_142' title='bbox 113 1775 205 1822; x_wconf 91' lang='lat' dir='ltr'>que</span> <span class='ocrx_word' id='word_1_143' title='bbox 222 1759 297 1806; x_wconf 94' lang='lat' dir='ltr'>alii</span> <span class='ocrx_word' id='word_1_144' title='bbox 315 1765 394 1807; x_wconf 88' lang='lat' dir='ltr'>aut</span> <span class='ocrx_word' id='word_1_145' title='bbox 407 1760 531 1823; x_wconf 86' lang='lat' dir='ltr'>capti</span> <span class='ocrx_word' id='word_1_146' title='bbox 547 1765 626 1807; x_wconf 91' lang='lat' dir='ltr'>aut</span> <span class='ocrx_word' id='word_1_147' title='bbox 643 1759 815 1806; x_wconf 88' lang='lat' dir='ltr'>mortui</span> <span class='ocrx_word' id='word_1_148' title='bbox 830 1758 984 1806; x_wconf 79' lang='lat' dir='ltr'>sunt1.</span> <span class='ocrx_word' id='word_1_149' title='bbox 1006 1762 1116 1805; x_wconf 86' lang='lat' dir='ltr'>Post</span> <span class='ocrx_word' id='word_1_150' title='bbox 1132 1758 1249 1805; x_wconf 87' lang='lat' dir='ltr'>hanc</span> <span class='ocrx_word' id='word_1_151' title='bbox 1264 1757 1524 1813; x_wconf 86' lang='lat' dir='ltr'>victoriam,</span> 
     </span>
     <span class='ocr_line' id='line_1_21' title="bbox 113 1834 1528 1900; baseline -0.001 -18"><span class='ocrx_word' id='word_1_152' title='bbox 113 1835 335 1899; x_wconf 82' lang='lat' dir='ltr'>princeps</span> <span class='ocrx_word' id='word_1_153' title='bbox 361 1836 523 1886; x_wconf 91' lang='lat' dir='ltr'>Wallie</span> <span class='ocrx_word' id='word_1_154' title='bbox 555 1836 689 1884; x_wconf 85' lang='lat' dir='ltr'>duxit</span> <span class='ocrx_word' id='word_1_155' title='bbox 720 1852 882 1900; x_wconf 83' lang='lat' dir='ltr'>regem</span> <span class='ocrx_word' id='word_1_156' title='bbox 907 1838 1096 1882; x_wconf 87' lang='lat' dir='ltr'>Petrum</span> <span class='ocrx_word' id='word_1_157' title='bbox 1121 1834 1364 1898; x_wconf 83' lang='lat' dir='ltr'>Burgenis,</span> <span class='ocrx_word' id='word_1_158' title='bbox 1393 1840 1439 1881; x_wconf 92' lang='lat' dir='ltr'>et</span> <span class='ocrx_word' id='word_1_159' title='bbox 1464 1834 1528 1881; x_wconf 86' lang='lat' dir='ltr'>ibi</span> 
     </span>
     <span class='ocr_line' id='line_1_22' title="bbox 113 1910 1524 1977; baseline -0.001 -18"><span class='ocrx_word' id='word_1_160' title='bbox 113 1913 258 1976; x_wconf 90' lang='lat' dir='ltr'>recipi</span> <span class='ocrx_word' id='word_1_161' title='bbox 283 1913 389 1960; x_wconf 89' lang='lat' dir='ltr'>fecit</span> <span class='ocrx_word' id='word_1_162' title='bbox 415 1929 524 1960; x_wconf 88' lang='lat' dir='ltr'>eum</span> <span class='ocrx_word' id='word_1_163' title='bbox 548 1919 773 1976; x_wconf 86' lang='lat' dir='ltr'>tanquam</span> <span class='ocrx_word' id='word_1_164' title='bbox 796 1928 959 1977; x_wconf 81' lang='lat' dir='ltr'>regem</span> <span class='ocrx_word' id='word_1_165' title='bbox 984 1928 1036 1959; x_wconf 86' lang='lat' dir='ltr'>ac</span> <span class='ocrx_word' id='word_1_166' title='bbox 1063 1928 1148 1975; x_wconf 90' lang='lat' dir='ltr'>per</span> <span class='ocrx_word' id='word_1_167' title='bbox 1174 1928 1283 1958; x_wconf 90' lang='lat' dir='ltr'>eum</span> <span class='ocrx_word' id='word_1_168' title='bbox 1303 1910 1433 1975; x_wconf 84' lang='lat' dir='ltr'>regni</span> <span class='ocrx_word' id='word_1_169' title='bbox 1453 1911 1524 1958; x_wconf 90' lang='lat' dir='ltr'>sui</span> 
     </span>
     <span class='ocr_line' id='line_1_23' title="bbox 115 1989 663 2053; baseline 0.002 -17"><span class='ocrx_word' id='word_1_170' title='bbox 115 1989 384 2053; x_wconf 83' lang='lat' dir='ltr'>homagium</span> <span class='ocrx_word' id='word_1_171' title='bbox 412 1990 663 2053; x_wconf 72' lang='lat' dir='ltr'>suscepit2.</span> 
     </span>
    </p>

    <p class='ocr_par' dir='ltr' id='par_1_4' title="bbox 113 2061 1528 2436">
     <span class='ocr_line' id='line_1_24' title="bbox 177 2061 1528 2129; baseline -0.003 -16"><span class='ocrx_word' id='word_1_172' title='bbox 177 2069 243 2113; x_wconf 89' lang='lat' dir='ltr'>Eo</span> <span class='ocrx_word' id='word_1_173' title='bbox 270 2071 486 2129; x_wconf 88' lang='lat' dir='ltr'>tempore</span> <span class='ocrx_word' id='word_1_174' title='bbox 509 2082 595 2113; x_wconf 82' lang='lat' dir='ltr'>rex</span> <span class='ocrx_word' id='word_1_175' title='bbox 626 2065 852 2112; x_wconf 89' lang='lat' dir='ltr'>Henricus</span> <span class='ocrx_word' id='word_1_176' title='bbox 879 2064 924 2111; x_wconf 93' lang='lat' dir='ltr'>in</span> <span class='ocrx_word' id='word_1_177' title='bbox 950 2069 1073 2112; x_wconf 86' lang='lat' dir='ltr'>statu</span> <span class='ocrx_word' id='word_1_178' title='bbox 1097 2063 1175 2110; x_wconf 87' lang='lat' dir='ltr'>vili</span> <span class='ocrx_word' id='word_1_179' title='bbox 1203 2062 1314 2110; x_wconf 83' lang='lat' dir='ltr'>exiit</span> <span class='ocrx_word' id='word_1_180' title='bbox 1341 2061 1399 2110; x_wconf 91' lang='lat' dir='ltr'>de</span> <span class='ocrx_word' id='word_1_181' title='bbox 1426 2063 1528 2110; x_wconf 93' lang='lat' dir='ltr'>His-</span> 
     </span>
     <span class='ocr_line' id='line_1_25' title="bbox 113 2140 1528 2205; baseline -0.001 -16"><span class='ocrx_word' id='word_1_182' title='bbox 113 2142 252 2205; x_wconf 90' lang='lat' dir='ltr'>pania</span> <span class='ocrx_word' id='word_1_183' title='bbox 278 2148 325 2190; x_wconf 89' lang='lat' dir='ltr'>et</span> <span class='ocrx_word' id='word_1_184' title='bbox 351 2143 480 2190; x_wconf 84' lang='lat' dir='ltr'>venit</span> <span class='ocrx_word' id='word_1_185' title='bbox 504 2142 783 2191; x_wconf 85' lang='lat' dir='ltr'>Avinionem</span> <span class='ocrx_word' id='word_1_186' title='bbox 812 2141 870 2189; x_wconf 91' lang='lat' dir='ltr'>ad</span> <span class='ocrx_word' id='word_1_187' title='bbox 903 2144 1076 2205; x_wconf 86' lang='lat' dir='ltr'>Papam</span> <span class='ocrx_word' id='word_1_188' title='bbox 1107 2140 1348 2188; x_wconf 86' lang='lat' dir='ltr'>Urbanum</span> <span class='ocrx_word' id='word_1_189' title='bbox 1377 2158 1403 2187; x_wconf 92' lang='lat' dir='ltr'>a</span> <span class='ocrx_word' id='word_1_190' title='bbox 1434 2157 1528 2204; x_wconf 89' lang='lat' dir='ltr'>quo</span> 
     </span>
     <span class='ocr_line' id='line_1_26' title="bbox 113 2217 1528 2281; baseline -0.001 -16"><span class='ocrx_word' id='word_1_191' title='bbox 113 2219 352 2267; x_wconf 90' lang='lat' dir='ltr'>modicum</span> <span class='ocrx_word' id='word_1_192' title='bbox 388 2235 663 2267; x_wconf 85' lang='lat' dir='ltr'>succursum</span> <span class='ocrx_word' id='word_1_193' title='bbox 695 2218 873 2276; x_wconf 89' lang='lat' dir='ltr'>habuit,</span> <span class='ocrx_word' id='word_1_194' title='bbox 904 2218 1010 2281; x_wconf 89' lang='lat' dir='ltr'>quia</span> <span class='ocrx_word' id='word_1_195' title='bbox 1046 2217 1133 2265; x_wconf 89' lang='lat' dir='ltr'>sibi</span> <span class='ocrx_word' id='word_1_196' title='bbox 1171 2217 1451 2281; x_wconf 88' lang='lat' dir='ltr'>providebat</span> <span class='ocrx_word' id='word_1_197' title='bbox 1478 2224 1528 2265; x_wconf 88' lang='lat' dir='ltr'>ut</span> 
     </span>
     <span class='ocr_line' id='line_1_27' title="bbox 113 2293 1528 2358; baseline -0.001 -17"><span class='ocrx_word' id='word_1_198' title='bbox 113 2295 201 2343; x_wconf 90' lang='lat' dir='ltr'>iret</span> <span class='ocrx_word' id='word_1_199' title='bbox 232 2299 430 2344; x_wconf 88' lang='lat' dir='ltr'>Romam</span> <span class='ocrx_word' id='word_1_200' title='bbox 464 2296 522 2344; x_wconf 93' lang='lat' dir='ltr'>ad</span> <span class='ocrx_word' id='word_1_201' title='bbox 558 2295 816 2343; x_wconf 89' lang='lat' dir='ltr'>tenendum</span> <span class='ocrx_word' id='word_1_202' title='bbox 849 2295 912 2342; x_wconf 92' lang='lat' dir='ltr'>ibi</span> <span class='ocrx_word' id='word_1_203' title='bbox 945 2311 1078 2342; x_wconf 91' lang='lat' dir='ltr'>suam</span> <span class='ocrx_word' id='word_1_204' title='bbox 1114 2294 1274 2342; x_wconf 91' lang='lat' dir='ltr'>sedem</span> <span class='ocrx_word' id='word_1_205' title='bbox 1306 2293 1528 2358; x_wconf 88' lang='lat' dir='ltr'>apostoli-</span> 
     </span>
     <span class='ocr_line' id='line_1_28' title="bbox 113 2370 1521 2436; baseline -0.001 -17"><span class='ocrx_word' id='word_1_206' title='bbox 113 2388 241 2430; x_wconf 86' lang='lat' dir='ltr'>cam;</span> <span class='ocrx_word' id='word_1_207' title='bbox 275 2373 449 2420; x_wconf 90' lang='lat' dir='ltr'>idcirco</span> <span class='ocrx_word' id='word_1_208' title='bbox 481 2372 593 2420; x_wconf 90' lang='lat' dir='ltr'>abiit</span> <span class='ocrx_word' id='word_1_209' title='bbox 617 2372 676 2420; x_wconf 89' lang='lat' dir='ltr'>ad</span> <span class='ocrx_word' id='word_1_210' title='bbox 704 2372 1008 2429; x_wconf 87' lang='lat' dir='ltr'>Ludovicum,</span> <span class='ocrx_word' id='word_1_211' title='bbox 1044 2371 1211 2419; x_wconf 91' lang='lat' dir='ltr'>ducem</span> <span class='ocrx_word' id='word_1_212' title='bbox 1236 2370 1521 2436; x_wconf 82' lang='lat' dir='ltr'>Andegavie,</span> 
     </span>
    </p>
   </div>
   <div class='ocr_carea' id='block_1_3' title="bbox 113 2531 1522 2706">
    <p class='ocr_par' dir='ltr' id='par_1_5' title="bbox 113 2531 1522 2706">
     <span class='ocr_line' id='line_1_29' title="bbox 163 2531 1521 2586; baseline -0.001 -11"><span class='ocrx_word' id='word_1_213' title='bbox 163 2541 194 2575; x_wconf 86' lang='lat'>1.</span> <span class='ocrx_word' id='word_1_214' title='bbox 219 2540 238 2575; x_wconf 86' lang='lat'>3</span> <span class='ocrx_word' id='word_1_215' title='bbox 260 2539 357 2576; x_wconf 78' lang='lat' dir='ltr'>avril</span> <span class='ocrx_word' id='word_1_216' title='bbox 379 2539 468 2576; x_wconf 82' lang='grc'><strong>1367</strong></span> <span class='ocrx_word' id='word_1_217' title='bbox 492 2539 547 2586; x_wconf 81' lang='grc' dir='ltr'>(Ε.</span> <span class='ocrx_word' id='word_1_218' title='bbox 570 2539 766 2583; x_wconf 83' lang='lat' dir='ltr'>Molinier,</span> <span class='ocrx_word' id='word_1_219' title='bbox 790 2531 906 2574; x_wconf 72' lang='lat' dir='ltr'>Etude</span> <span class='ocrx_word' id='word_1_220' title='bbox 925 2549 993 2574; x_wconf 80' lang='lat' dir='ltr'>sur</span> <span class='ocrx_word' id='word_1_221' title='bbox 1013 2541 1049 2575; x_wconf 85' lang='lat' dir='ltr'>la</span> <span class='ocrx_word' id='word_1_222' title='bbox 1069 2541 1123 2574; x_wconf 80' lang='lat' dir='ltr'>vie</span> <span class='ocrx_word' id='word_1_223' title='bbox 1143 2540 1322 2575; x_wconf 81' lang='lat' dir='ltr'>d’Arnoul</span> <span class='ocrx_word' id='word_1_224' title='bbox 1342 2538 1521 2574; x_wconf 78' lang='lat' dir='ltr'>d’Audre-</span> 
     </span>
     <span class='ocr_line' id='line_1_30' title="bbox 113 2599 1522 2644; baseline -0.001 -10"><span class='ocrx_word' id='word_1_225' title='bbox 113 2600 206 2639; x_wconf 77' lang='lat' dir='ltr'>hem,</span> <span class='ocrx_word' id='word_1_226' title='bbox 236 2599 426 2634; x_wconf 66' lang='lat' dir='ltr'>Memoires</span> <span class='ocrx_word' id='word_1_227' title='bbox 448 2600 628 2643; x_wconf 47' lang='lat' dir='ltr'>prasente&amp;</span> <span class='ocrx_word' id='word_1_228' title='bbox 652 2610 722 2644; x_wconf 81' lang='lat' dir='ltr'>par</span> <span class='ocrx_word' id='word_1_229' title='bbox 748 2599 867 2634; x_wconf 78' lang='lat' dir='ltr'>divers</span> <span class='ocrx_word' id='word_1_230' title='bbox 892 2602 1041 2634; x_wconf 78' lang='lat' dir='ltr'>savants</span> <span class='ocrx_word' id='word_1_231' title='bbox 1067 2600 1090 2635; x_wconf 77' lang='grc' dir='ltr'><em>ὰ</em></span> <span class='ocrx_word' id='word_1_232' title='bbox 1115 2599 1331 2635; x_wconf 67' lang='lat' dir='ltr'>l’Academie</span> <span class='ocrx_word' id='word_1_233' title='bbox 1356 2600 1414 2634; x_wconf 77' lang='lat' dir='ltr'>des</span> <span class='ocrx_word' id='word_1_234' title='bbox 1444 2601 1522 2634; x_wconf 76' lang='lat' dir='ltr'>ins-</span> 
     </span>
     <span class='ocr_line' id='line_1_31' title="bbox 113 2657 1519 2706; baseline 0 -13"><span class='ocrx_word' id='word_1_235' title='bbox 113 2660 289 2704; x_wconf 73' lang='lat' dir='ltr'>criptions</span> <span class='ocrx_word' id='word_1_236' title='bbox 309 2662 341 2693; x_wconf 79' lang='lat' dir='ltr'>et</span> <span class='ocrx_word' id='word_1_237' title='bbox 363 2659 624 2698; x_wconf 74' lang='lat' dir='ltr'>belles-lettres,</span> <span class='ocrx_word' id='word_1_238' title='bbox 648 2658 686 2693; x_wconf 63' lang='lat'>22</span> <span class='ocrx_word' id='word_1_239' title='bbox 708 2657 821 2704; x_wconf 77' lang='lat' dir='ltr'>serie,</span> <span class='ocrx_word' id='word_1_240' title='bbox 842 2662 869 2693; x_wconf 87' lang='lat' dir='ltr'>t.</span> <span class='ocrx_word' id='word_1_241' title='bbox 894 2657 962 2703; x_wconf 87' lang='lat' dir='ltr'>VI,</span> <span class='ocrx_word' id='word_1_242' title='bbox 986 2658 1038 2694; x_wconf 65' lang='grc' dir='ltr'>1ιηθ</span> <span class='ocrx_word' id='word_1_243' title='bbox 1056 2658 1196 2706; x_wconf 79' lang='lat' dir='ltr'>partie,</span> <span class='ocrx_word' id='word_1_244' title='bbox 1217 2669 1253 2704; x_wconf 92' lang='lat' dir='ltr'>p.</span> <span class='ocrx_word' id='word_1_245' title='bbox 1279 2658 1345 2694; x_wconf 77' lang='lat'>178</span> <span class='ocrx_word' id='word_1_246' title='bbox 1369 2663 1405 2694; x_wconf 83' lang='lat' dir='ltr'>et</span> <span class='ocrx_word' id='word_1_247' title='bbox 1429 2658 1519 2699; x_wconf 76' lang='lat'>179).</span> 
     </span>
    </p>
   </div>
   <div class='ocr_carea' id='block_1_4' title="bbox 114 2717 974 2813">
    <p class='ocr_par' dir='ltr' id='par_1_6' title="bbox 114 2717 974 2813">
     <span class='ocr_line' id='line_1_32' title="bbox 114 2717 974 2763; baseline 0.001 -10"><span class='ocrx_word' id='word_1_248' title='bbox 114 2717 170 2753; x_wconf 85' lang='lat' dir='ltr'>Cf.</span> <span class='ocrx_word' id='word_1_249' title='bbox 194 2718 401 2761; x_wconf 76' lang='lat' dir='ltr'>Chronique</span> <span class='ocrx_word' id='word_1_250' title='bbox 421 2718 639 2761; x_wconf 76' lang='lat' dir='ltr'>normande,</span> <span class='ocrx_word' id='word_1_251' title='bbox 661 2727 697 2763; x_wconf 89' lang='lat' dir='ltr'>p.</span> <span class='ocrx_word' id='word_1_252' title='bbox 721 2717 804 2762; x_wconf 84' lang='lat'>184,</span> <span class='ocrx_word' id='word_1_253' title='bbox 830 2722 918 2753; x_wconf 86' lang='lat' dir='ltr'>note</span> <span class='ocrx_word' id='word_1_254' title='bbox 942 2717 974 2754; x_wconf 89' lang='lat'>3.</span> 
     </span>
     <span class='ocr_line' id='line_1_33' title="bbox 160 2776 673 2813; baseline -0.002 -1"><span class='ocrx_word' id='word_1_255' title='bbox 160 2777 195 2812; x_wconf 69' lang='lat'>2.</span> <span class='ocrx_word' id='word_1_256' title='bbox 218 2776 256 2812; x_wconf 89' lang='lat' dir='ltr'><strong>A</strong></span> <span class='ocrx_word' id='word_1_257' title='bbox 276 2777 313 2812; x_wconf 85' lang='lat' dir='ltr'>la.</span> <span class='ocrx_word' id='word_1_258' title='bbox 332 2776 386 2812; x_wconf 84' lang='lat' dir='ltr'>fin</span> <span class='ocrx_word' id='word_1_259' title='bbox 409 2776 543 2813; x_wconf 80' lang='lat' dir='ltr'>d&#39;avril</span> <span class='ocrx_word' id='word_1_260' title='bbox 566 2776 673 2813; x_wconf 76' lang='lat'><strong>1367.</strong></span> 
     </span>
    </p>
   </div>
  </div>
 </body>
</html>
