1923 3358
130 291 347 336 1357-1358]
401 294 772 327 GHRONOGRAPHIA
799 294 952 326 REGUM
978 292 1255 325 FRANCORUM.
1461 288 1529 324 265

128 373 324 421 statibus
365 374 678 437 requisierunt
718 373 897 437 regenti
942 372 1069 436 quod
1112 371 1330 419 liberaret
1370 388 1529 436 regem

127 453 330 497 Navarre
365 450 423 498 de
458 450 680 513 prisione.
720 449 895 508 Quibus
925 449 1024 512 ipse
1063 448 1306 512 respondit
1331 447 1458 512 quod
1484 447 1531 494 in

126 526 214 573 hoc
240 543 332 573 non
359 526 661 582 consentiret,
685 526 771 572 nisi
798 542 856 572 ex
876 525 1063 571 licencia
1089 524 1213 588 regis
1239 523 1385 587 patris
1413 523 1527 570 sui4.

192 607 257 650 Eo
290 608 400 650 tunc
431 619 515 649 rex
550 603 781 651 Johannes
817 602 984 649 ductus
1024 607 1094 647 est
1123 619 1148 647 a
1188 600 1446 664 Burdegala
1486 600 1532 646 in

127 679 367 744 Angliam2
395 679 635 741 factusque
656 684 726 725 est
748 677 812 725 ibi
841 695 959 725 unus
987 683 1212 724 tractatus
1242 694 1382 741 quem
1409 677 1533 724 misit

127 754 315 811 Karolo‚
340 754 433 800 filio
451 770 553 810 suo,
573 770 657 816 per
670 753 946 817 magistrum
966 753 1225 800 Renaldum
1245 752 1303 800 de
1323 753 1529 810 Arsiaco,

125 831 403 879 advocatum
443 847 596 878 suum.
641 830 706 878 Illi
749 847 862 877 vero
901 830 960 877 de
995 829 1146 877 tribus
1190 829 1388 878 statibus
1427 830 1533 893 quia

125 907 260 955 nichil
287 912 540 970 potuerunt
565 906 683 953 scire
705 906 763 953 de
788 906 876 953 illis
901 906 1064 953 litteris
1085 924 1109 952 a
1132 912 1322 970 regente
1343 907 1416 953 vel
1436 907 1535 971 ejus

126 983 333 1037 consilio,
378 983 577 1030 multum
614 982 946 1031 dubitaverunt
981 988 1028 1031 et
1060 988 1381 1031 tractaverunt
1415 984 1536 1031 inter

126 1077 175 1107 se
201 1060 258 1107 de
285 1066 436 1107 morte
462 1060 650 1108 illorum
676 1060 734 1107 dc
758 1060 950 1107 consilio
974 1060 1196 1124 regentis.

191 1140 316 1183 Tunc
346 1136 614 1199 prepositus
646 1141 961 1183 mercatorum
993 1142 1038 1182 et
1074 1135 1249 1182 scabini
1281 1152 1536 1200 congrega-

127 1218 296 1259 verunt
334 1212 505 1259 multos
550 1212 761 1260 homines
796 1213 854 1260 de
895 1213 1160 1260 communia
1202 1213 1447 1260 Parisiensi
1490 1213 1535 1259 in

127 1289 269 1336 armis
297 1295 343 1336 et
370 1289 584 1336 abierunt
611 1289 656 1335 in
684 1289 913 1353 palacium
939 1289 995 1336 ad
1024 1306 1256 1337 cameram
1283 1290 1532 1354 regentisss,

128 1382 277 1427 eoque
302 1371 539 1428 presente,
571 1365 689 1412 duos
721 1365 1015 1413 marescallos
1046 1366 1335 1422 occiderunt,
1365 1366 1538 1413 scilicet

127 1443 385 1490 Robertum
425 1442 483 1488 de
526 1442 820 1490 Claromonte
861 1449 908 1490 et
952 1442 1081 1490 illum
1131 1443 1188 1490 de
1233 1444 1533 1507 Campania43

128 1518 387 1568 Renaldum
419 1525 573 1566 autem
612 1519 670 1566 de
706 1519 895 1566 Arsiaco
933 1519 1205 1567 occiderunt
1248 1520 1293 1567 in
1334 1520 1536 1583 quadam

127 1595 269 1650 domo
310 1601 442 1642 extra
481 1595 712 1659 palacium
750 1595 794 1642 in
834 1613 926 1659 qua
966 1597 1283 1661 confugeratf‘.
1330 1599 1537 1660 Cumque

128 1689 296 1737 regens
322 1672 596 1720 formidaret
625 1689 682 1719 ne
714 1673 925 1720 similiter
950 1673 1105 1736 ipsum
1135 1674 1418 1730 occiderent,
1449 1691 1537 1738 pro

129 1749 294 1814 majori
318 1750 474 1798 tutella
501 1750 769 1814 prepositus
788 1756 1101 1798 mercatorum
1123 1751 1370 1815 proprium
1396 1768 1538 1815 capu-

178 1909 211 1944 1.
233 1908 295 1944 En
316 1909 419 1955 effet,
442 1922 458 1942 «
481 1909 515 1945 le
537 1909 623 1956 Roy
645 1909 749 1945 avoit
769 1909 923 1946 reserve
950 1909 972 1944 a
993 1909 1048 1945 soi
1069 1910 1152 1944 seul
1171 1909 1208 1945 la
1229 1909 1537 1956 congnoissance

132 1981 146 2001 «
172 1973 209 2004 et
229 1967 403 2004 decision
429 1967 475 2004 de
497 1979 539 2004 ce
564 1968 657 2015 etja
684 1979 732 2004 en
761 1969 864 2004 avoit
890 1968 1131 2005 commencie
1158 1968 1179 2003 ἐι
1209 1967 1476 2014 congnoistre3
1501 1974 1538 2004 et

130 2041 146 2060 «
170 2038 239 2074 par
259 2028 438 2073 pluseurs
455 2038 652 2074 messages
673 2027 699 2062 li
721 2027 825 2063 avoit
845 2027 984 2062 mande
1001 2032 1039 2063 et
1059 2026 1237 2062 deffendu
1252 2038 1326 2074 que
1346 2026 1372 2062 il
1393 2037 1442 2062 nc
1458 2027 1537 2063 s'en

132 2099 146 2119 «
172 2086 400 2122 entremeist
420 2097 469 2122 en
491 2097 642 2122 aucune
663 2086 837 2122 maniere
860 2099 875 2119 »
902 2087 1020 2129 sz‘d„
1045 2097 1080 2132 p.
1105 2086 1203 2129 372).

176 2145 211 2181 2.
237 2145 288 2181 Le
316 2145 372 2181 roi
391 2145 491 2181 Jean
519 2145 574 2181 fut,
595 2145 803 2192 embarque
829 2144 851 2180 a
878 2144 1081 2181 Bordeaux
1109 2144 1142 2181 ie
1172 2145 1211 2180 11
1243 2144 1340 2181 avril
1369 2145 1483 2188 13573
1513 2145 1538 2181 il

130 2203 258 2240 art-iva
278 2214 328 2240 en
349 2203 582 2251 Angleterre
604 2204 638 2240 le
660 2205 679 2239 4
702 2203 793 2240 mai.

179 2263 212 2299 3.
236 2263 281 2300 ‘22
303 2263 444 2300 sevrier
466 2263 555 2300 1358
578 2266 629 2309 (n.
654 2264 730 2309 st.).

176 2321 210 2357 4.
234 2321 381 2357 Robert
402 2321 447 2357 de
469 2321 667 2358 Clermont
687 2321 780 2358 &tait
800 2321 998 2358 marechal
1013 2320 1057 2357 de
1078 2320 1336 2365 Normandie;
1360 2321 1394 2358 le
1415 2323 1537 2358 mare-

131 2379 220 2414 chal
240 2378 286 2415 de
307 2379 557 2426 Champagne
583 2380 781 2426 s'appelait
800 2380 900 2415 Jean
922 2379 966 2414 de
988 2379 1184 2415 Conflans.

179 2438 212 2473 ὃ.
236 2437 425 2483 Regnaud
441 2438 563 2486 d’Acy
580 2449 629 2473 ne
646 2439 714 2484 fut,
732 2449 780 2474 en
796 2438 899 2484 effet,
916 2449 983 2485 pas
1004 2438 1202 2474 massacre
1217 2449 1265 2473 en
1280 2438 1466 2484 presence
1486 2437 1535 2474 du

131 2496 205 2532 duc
226 2496 271 2533 de
292 2496 544 2542 Normandie,
561 2507 710 2533 comme
733 2497 766 2532 le
788 2496 841 2532 dit
861 2497 883 2532 a
903 2502 979 2533 tort
999 2496 1190 2533 Froissart
1212 2497 1282 2543 (ed.
1305 2497 1424 2541 Luce,
1442 2501 1468 2532 t.
1487 2496 1536 2542 V,

130 2566 166 2601 p.
189 2554 285 2600 314).
308 2554 340 2590 Il
362 2555 418 2590 fut
445 2555 640 2590 assassine
664 2569 679 2587 «
703 2566 751 2590 en
778 2555 883 2590 alant
910 2555 959 2590 du
987 2555 1116 2591 Palais
1146 2567 1194 2591 en
1222 2567 1265 2592 sa
1294 2556 1445 2592 maison
1473 2555 1538 2602 qui

133 2613 286 2650 «estoit
307 2625 395 2660 pres
416 2613 460 2649 de
484 2613 594 2649 Saint
613 2613 813 2661 Landiy...
833 2625 882 2649 en
903 2615 1024 2651 l'ostel
1044 2615 1133 2651 d'un
1154 2615 1367 2662 pastissier,
1384 2615 1421 2650 la
1440 2617 1489 2650 ou
1510 2614 1537 2650 il

135 2686 149 2706 «
175 2684 214 2708 se
234 2674 351 2708 houta
372 2677 492 2719 quant
518 2672 543 2708 il
566 2673 619 2708 vit
646 2684 718 2720 que
746 2673 821 2708 l’on
848 2673 882 2708 le
904 2673 1047 2709 vouloit
1074 2679 1161 2710 tuer
1184 2688 1199 2708 i>
1224 2675 1398 2718 (Grandes
1422 2675 1536 2709 Chro-

133 2736 270 2777 m'qzces,
297 2738 323 2767 t.
342 2732 410 2775 VI,
432 2744 467 2778 p.
485 2732 559 2777 87).
577 2732 628 2768 Sa
649 2737 749 2768 mort
770 2732 931 2779 precedat
952 2733 985 2768 le
1007 2740 1175 2770 meurtre
1197 2733 1263 2769 des
1284 2733 1534 2770 marechaux.
