1923 3358
188 267 292 314 1341]
464 272 833 305 CHRONOGRAPHIA
859 272 1012 305 REGUM
1038 272 1316 305 FRANCORUM.
1522 269 1587 305 ’173

186 365 269 396 sua
289 350 541 412 quemdam
559 350 840 414 burgensem
861 350 908 397 in
929 349 1096 413 capite,
1127 350 1294 398 scindit
1314 367 1421 398 eum
1440 367 1589 414 usque

185 426 243 473 ad
269 426 460 484 dentes;
483 427 649 490 reliqui
671 444 785 474 vero
810 427 1009 491 majores
1029 428 1287 492 burgenses
1313 427 1589 493 aggredien-

183 510 270 560 tes,
310 504 578 552 occiderunt
611 521 669 551 ex
704 504 771 551 eis
804 504 900 551 fere
933 505 1317 570 quadringentos,
1354 506 1589 568 ceterique

183 580 412 645 fugientes
438 587 484 628 et
510 597 559 628 se
586 581 926 628 abscondentes
953 582 1050 629 sine
1071 599 1203 629 mora
1223 583 1407 630 veniam
1429 590 1590 647 postu-

182 655 444 714 laverunt13
474 663 519 704 et
544 663 800 720 posuerunt
828 674 908 704 eos
931 657 978 704 in
1007 659 1273 706 carceribus
1298 660 1360 707 illi
1382 661 1440 708 de
1462 677 1591 708 com-

182 734 404 781 munitate
419 733 669 796 statimque
687 739 932 781 currentes
951 733 1010 780 ad
1033 740 1194 797 portas
1214 736 1419 783 tulerunt
1438 737 1590 784 claves

181 810 339 857 comiti
359 827 412 857 ac
438 810 479 857 ei
507 816 818 858 narraverunt
844 810 1197 858 contencionem
1223 811 1391 859 factam
1412 813 1457 859 in
1479 813 1591 860 civi-

179 892 290 934 tate.
320 887 495 935 Deinde
526 903 684 935 comes
719 888 900 935 intrans
934 887 1187 945 civitatem,
1218 889 1437 952 precibus
1469 894 1591 938 Hen-

177 963 262 1011 rici
289 963 505 1012 liberavit
536 964 794 1030 burgenses
827 965 885 1013 de
920 965 1185 1013 carceribus
1216 983 1270 1013 ac
1300 966 1491 1014 indulsit
1524 967 1589 1015 eis

179 1055 269 1102 que
295 1040 652 1088 forefecerant2.

242 1117 416 1165 Deinde
443 1117 500 1165 ab
534 1118 600 1165 eis
632 1118 834 1182 receptis
863 1118 1155 1183 juramentis,
1185 1135 1402 1183 egressus
1434 1125 1505 1167 est
1538 1126 1590 1167 ut

177 1192 265 1239 iret
291 1194 547 1251 Hembon3,
584 1194 643 1241 de
679 1210 773 1257 quo
805 1194 1018 1242 Oliverus
1044 1194 1102 1241 de
1129 1195 1412 1252 Penneforti,
1443 1195 1588 1242 frater

178 1285 429 1334 germanus
475 1271 585 1318 dicti
629 1271 839 1327 Henrici,
889 1277 988 1318 erat
1029 1271 1315 1334 capitaneus.
1359 1272 1586 1329 Quoniam

179 1353 334 1394 autem
361 1352 566 1395 castrum
599 1354 698 1395 erat
729 1348 1108 1412 inexpugnabile,
1145 1349 1389 1406 Henricus,
1427 1366 1587 1414 sump-

178 1425 237 1472 tis
269 1442 428 1473 secum
462 1429 678 1490 Herveyo
721 1426 778 1473 de
819 1430 970 1474 Leone
1013 1433 1058 1474 et
1098 1427 1194 1491 iiijor
1232 1427 1419 1475 milibus
1460 1428 1587 1474 viro-

177 1519 282 1550 rum
308 1505 597 1560 armorum4,
624 1504 852 1567 precessit
880 1504 1155 1561 exercitum,
1189 1504 1404 1552 deferens
1427 1521 1587 1552 secum

176 1579 446 1645 intersignia
482 1581 733 1628 Britannie.
773 1583 981 1644 Cumque
1019 1587 1143 1629 esset
1177 1587 1282 1628 ante
1318 1581 1442 1629 fores
1477 1581 1585 1629 dicti

175 1657 332 1714 castri,
369 1658 595 1705 allocutus
631 1664 702 1705 est
740 1658 975 1714 custodes,
1018 1657 1178 1705 dicens
1209 1657 1277 1704 eis
1312 1657 1439 1720 quod
1475 1674 1586 1720 ape-

176 1733 322 1780 rirent
348 1733 414 1781 eis
443 1740 604 1797 portas
630 1739 676 1781 et
701 1734 827 1797 quod
855 1740 987 1781 erant
1016 1751 1179 1781 omnes
1213 1733 1347 1781 amici
1373 1734 1586 1798 ipsorum

176 1816 314 1873 atque
333 1811 598 1858 nuntiarent
619 1811 822 1868 Olivero,
854 1811 984 1858 fratri
1011 1828 1113 1868 suo,
1143 1811 1397 1859 adventum
1416 1828 1580 1867 suum3

176 1904 269 1950 quo
301 1887 459 1935 audito
492 1888 704 1936 Oliverus
730 1888 869 1952 jussit
898 1894 1060 1953 portas
1087 1889 1287 1951 aperire,
1322 1905 1582 1951 omnesque

175 1964 400 2012 intrantes
429 1965 706 2021 clamabant,
728 1965 935 2013 dicentes
967 1984 975 2011 :
1011 1984 1031 2009 c<
1058 1964 1254 2012 Reddite
1280 1981 1365 2012 vos
1392 1965 1580 2029 singuli,

179 2060 199 2085 (ι
231 2041 434 2105 alioquin
461 2042 740 2089 moriemini.
779 2061 798 2086 »

239 2118 412 2166 Deinde
438 2119 664 2166 Henricus
690 2126 940 2183 postquam
966 2118 1159 2166 fratrem
1186 2134 1322 2166 suum
1346 2118 1582 2167 Oliverum

224 2282 256 2316 1.
280 2281 353 2317 Les
374 2280 510 2317 details
536 2281 581 2316 de
612 2287 711 2318 cette
739 2283 891 2319 emente
915 2292 963 2318 ne
985 2293 1025 2318 se
1045 2286 1227 2318 trouvent
1246 2292 1315 2329 pas
1336 2281 1433 2318 dans
1453 2281 1582 2319 Frois-

176 2345 255 2376 sart
279 2339 350 2387 (ed.
374 2340 491 2385 Luce,
514 2345 542 2376 t.
565 2340 616 2388 ΙΙ,
638 2352 674 2387 p.
698 2341 795 2386 279).

222 2400 253 2435 Q.
281 2399 445 2436 Suivant
466 2399 658 2435 Froissart
681 2399 751 2443 (ed.
776 2400 893 2445 Luce,
916 2404 943 2435 t.
963 2399 1014 2445 H,
1030 2410 1067 2446 p.
1083 2398 1180 2447 279),
1197 2400 1230 2436 le
1247 2404 1372 2436 comte
1393 2400 1437 2437 de
1459 2400 1583 2437 Mont-

175 2459 248 2495 fort
270 2469 309 2493 se
332 2469 467 2504 reposa
489 2458 579 2505 cinq
597 2458 704 2505 jours
724 2459 745 2494 a
767 2458 941 2495 Rennes.

223 2519 255 2554 3.
279 2517 528 2563 Hennebont,
552 2517 771 2564 Morbihan,
794 2518 1125 2554 arrondissement
1145 2519 1190 2554 de
1211 2519 1384 2565 Lorient,
1402 2518 1583 2555 chef-lieu

174 2577 220 2613 de
242 2582 398 2613 canton.
422 2576 530 2612 Gette
550 2576 674 2623 place,
698 2588 847 2614 comme
867 2576 1018 2625 Auray,
1041 2577 1168 2614 faisait
1188 2578 1311 2625 partie
1332 2578 1382 2613 du
1403 2578 1582 2614 domaine

175 2634 287 2672 ducat
307 2634 351 2670 de
374 2634 581 2682 Bretagne.

222 2696 255 2731 4.
284 2708 299 2728 «
320 2694 489 2741 Jusquez
517 2694 538 2730 a
568 2694 655 2742 cinq
682 2705 773 2731 cens
801 2706 975 2732 armures
997 2695 1043 2732 de
1072 2696 1140 2743 fer,
1166 2710 1181 2731 »
1204 2697 1258 2733 dit
1287 2696 1479 2732 Froissart
1509 2695 1579 2742 (ed.

177 2754 294 2801 Luce,
316 2760 343 2790 t.
364 2753 414 2800 II,
438 2765 472 2800 p.
497 2753 590 2801 281).
