1923 3358
253 235 320 272 392
530 234 899 268 CHRONOGRAPHIA
925 233 1078 264 REGUM
1102 232 1381 264 FRANGORUM.

251 318 417 367 c'edere
446 315 589 363 coacti
613 319 720 377 sunt
744 318 790 360 et
818 329 904 376 per
930 312 1017 359 hoc
1043 311 1231 359 fuerunt
1255 312 1363 359 victi
1389 318 1434 359 et
1459 313 1648 371 mortui,

251 471 416 518 eodem
444 468 518 515 die
544 473 750 514 castrum
770 467 827 513 de
854 466 1061 522 Chizec0‚
1092 465 1382 513 ordinatione
1408 466 1653 514 Bertrandi

249 547 334 595 fuit
368 551 557 609 captum
595 544 721 607 quia,
764 544 895 590 finito
928 543 1180 590 certamine
1214 542 1501 607 supradicto,
1540 546 1652 590 Ber-

248 622 441 670 trandus
466 626 511 669 et
537 620 608 668 sui
628 620 755 667 albas
773 626 928 667 vestes
947 619 1244 684 Anglicorum
1266 619 1472 666 tulerunt
1491 619 1653 667 indue-

247 705 465 762 runtque,
505 703 550 745 et
577 697 643 745 sic
669 696 1002 760 proclamando
1030 696 1245 744 Sanctum
1272 696 1512 759 Georqium
1541 713 1652 760 pro-

247 776 482 832 cedenteS‚
513 775 637 822 intus
668 774 977 821 intraverunt.
1013 773 1187 821 Deinde
1212 780 1415 821 castrum
1443 772 1500 820 de
1524 773 1654 820 Niort

247 852 490 907 adeuntes,
522 851 620 898 sine
646 851 821 898 assultu
844 850 929 897 fuit
954 850 1046 896 cito
1068 856 1274 913 captum.

313 933 421 976 Post
439 934 665 991 ceperunt
683 930 879 992 Cavray‚
907 930 1113 991 Genssay
1131 934 1175 974 et
1201 928 1425 991 Lesignen
1446 944 1499 974 ac
1519 926 1655 974 dimi-

247 1013 408 1053 serunt
434 1006 631 1052 Alanum
658 1005 716 1051 de
742 1004 1029 1051 Bellomonte
1056 1020 1143 1067 pro
1164 1004 1417 1051 senescallo
1441 1004 1486 1050 in
1507 1004 1655 1051 Picta-

247 1083 336 1129 via.
379 1082 495 1129 Exin
534 1081 658 1144 apud
694 1083 999 1136 Pontorsum,
1050 1096 1217 1127 versus
1256 1084 1459 1128 Montem
1501 1080 1654 1128 Sancti

245 1158 474 1206 Michaelis
508 1158 641 1222 juxta
680 1157 930 1213 Abrincas,
976 1156 1262 1204 Bertrandus
1303 1155 1416 1203 abiit
1456 1162 1502 1203 et
1544 1156 1652 1203 inde

244 1235 529 1282 Britanniam
543 1233 772 1281 hostiliter
786 1233 982 1288 intrans,
1004 1233 1156 1280 taliter
1172 1250 1275 1280 eam
1291 1233 1509 1280 contrivit
1525 1232 1653 1296 quod

245 1311 411 1358 ducem
432 1310 539 1357 inde
566 1309 743 1373 fugavit
764 1309 809 1356 in
836 1309 1049 1374 Angliam
1071 1316 1116 1356 et
1142 1310 1284 1357 multa
1308 1309 1450 1357 forcia
1474 1326 1523 1356 se
1546 1309 1654 1357 red-

245 1387 463 1435 diderunt
506 1387 562 1434 ei.
610 1390 776 1434 Postea
819 1386 1105 1434 Bertrandus
1145 1387 1203 1434 ad
1248 1403 1408 1450 regem
1452 1386 1654 1434 Parisius

244 1464 369 1512 venit
404 1470 449 1511 et
482 1464 590 1511 inde
617 1464 843 1512 recedens
870 1480 1071 1511 unacum
1097 1463 1214 1510 duce
1241 1463 1564 1528 Andegavensi
1595 1463 1654 1510 ad

244 1541 533 1588 fortalecium
555 1541 613 1588 de
633 1541 915 1589 Bernaderia
935 1557 1100 1588 versus
1121 1541 1391 1588 Lemovicas
1413 1540 1650 1594 abierunt;

245 1618 324 1664 sed
364 1618 538 1682 Anglici
573 1618 679 1665 inde
712 1618 959 1683 fugientes,
996 1618 1119 1665 intus
1150 1618 1306 1681 ignem
1340 1617 1649 1673 immiserunt,

244 1694 348 1740 exin
379 1694 437 1741 ad
463 1694 728 1742 Condacum
759 1695 835 1757 qui
867 1702 973 1757 post
1000 1695 1159 1758 plures
1186 1695 1386 1741 assultus
1415 1711 1465 1742 se
1497 1694 1653 1741 reddi-

243 1770 327 1817 dit.
359 1771 536 1835 Anglici
563 1771 641 1833 qui
668 1777 964 1818 recesserunt
992 1772 1049 1819 de
1075 1771 1308 1827 Condaco‚
1345 1770 1402 1818 ad
1429 1774 1653 1835 Bergera-

242 1864 347 1895 cum
375 1848 606 1905 abierunt,
632 1848 711 1911 qui
733 1848 872 1895 etiam
898 1855 1003 1911 post
1025 1849 1184 1911 plures
1202 1848 1403 1896 assultus
1424 1865 1473 1895 se
1495 1847 1651 1895 reddi-

242 1925 428 1971 derunt.
469 1927 664 1972 Desuret
700 1925 866 1972 leniter
898 1942 947 1972 se
986 1924 1191 1972 reddidit
1224 1931 1269 1972 et
1305 1925 1445 1971 etiam
1486 1927 1652 1972 Sancta

240 2000 398 2056 Fides3
438 2006 545 2063 post
572 2000 776 2048 reddidit
803 2017 852 2048 se
889 2000 1118 2047 Berdurat
1146 2000 1203 2047 de
1231 2000 1399 2047 Lebret
1425 2017 1532 2048 cum
1557 2000 1650 2049 xxti

241 2082 419 2139 septem
449 2077 649 2124 castellis
669 2082 715 2123 et
741 2077 889 2124 eciam
916 2077 1134 2124 dominus
1159 2077 1218 2123 de
1243 2080 1418 2132 Duras3
1448 2077 1530 2124 sed
1560 2078 1651 2125 cito

240 2154 447 2200 recessit.
472 2156 581 2201 Post
600 2154 877 2201 Chasteillon
896 2160 940 2200 et
958 2153 1170 2218 Angeliet
1197 2153 1507 2201 reddiderunt
1533 2170 1583 2201 se
1606 2161 1651 2202 et

239 2231 385 2277 eciam
410 2233 629 2278 Sanctum
651 2231 922 2278 Makarium.

303 2311 358 2354 Et
391 2314 498 2369 post
526 2308 811 2355 Bertrandus
836 2308 894 2355 ad
928 2324 1088 2372 regem
1118 2308 1246 2355 venit
1275 2308 1495 2355 Parisius.
1530 2308 1647 2355 Exin

239 2384 283 2429 in
305 2384 625 2447 Acquitaniam
652 2401 885 2439 reversus,
918 2385 1016 2447 ipse
1043 2384 1228 2431 obsedit
1256 2385 1299 2431 in
1326 2385 1647 2448 Acquitaniam

239 2463 419 2507 Novum
447 2462 659 2507 Castrum
678 2467 723 2507 et
744 2461 926 2508 fortiter
950 2461 1257 2526 impugnavit,
1283 2461 1364 2508 sed
1387 2479 1478 2509 non
1501 2479 1648 2525 expu-

241 2538 414 2599 gnavit,
436 2537 758 2601 cgrotavitquc
785 2545 831 2584 et
856 2538 1088 2585 ordinavit
1114 2556 1162 2585 se
1182 2545 1231 2585 ut
1253 2539 1402 2586 bonus
1429 2539 1648 2587 Christia-

244 2630 329 2659 nus
354 2632 362 2660 :
388 2614 642 2677 regretavit
662 2631 858 2662 uxorem
878 2632 1009 2662 suam
1027 2622 1072 2662 et
1090 2632 1249 2680 regem
1271 2616 1478 2673 Francia
1499 2620 1645 2664 Deum
