1923 3358
155 256 258 304 1378]
429 260 799 293 CHRONOGRAPHIA
825 259 977 292 REGUM
1003 259 1282 292 FRANCORUM.
1484 256 1551 293 349

152 339 369 388 decollari
404 346 449 387 et
480 356 644 387 eorum
678 355 878 403 corpora
910 339 957 386 in
988 344 1189 402 quatuor
1219 342 1379 402 partes
1405 337 1551 385 dividi

152 421 198 462 et
222 421 329 463 ante
356 415 451 479 iiij⁰r
482 421 643 478 portas
668 416 726 462 de
753 415 953 463 Parisius
978 414 1136 478 parvis
1161 414 1381 478 patibulis
1406 414 1548 478 affigi.

214 492 388 540 Deinde
422 492 525 539 tulit
555 493 612 539 ab
644 509 700 540 eo
733 492 1006 539 comitatum
1037 492 1368 539 Ebroicensem
1396 496 1442 538 et
1468 491 1553 538 alia

150 567 249 632 ejus
274 568 499 616 fortalicia
525 568 634 615 dicti
660 568 906 615 comitatus
927 584 1074 631 usque
1101 568 1159 615 ad
1186 584 1270 615 sex
1286 568 1423 632 jussit
1448 567 1554 615 des-

148 644 258 701 trui,
271 644 444 691 scilicet
454 648 732 707 Bernayum‚
747 644 1065 691 Mauritaniam
1080 649 1126 691 et
1137 644 1239 700 alia,
1252 650 1299 692 et
1312 644 1412 691 solo
1427 651 1552 691 terre

148 719 414 783 coequari1.
444 723 639 783 Insuper
658 719 847 767 retinuit
867 724 1089 783 tanquam
1116 736 1225 767 suos
1248 719 1553 783 prisionarios

147 802 342 860 nepotes
371 812 481 844 suos
507 796 728 844 Karolum
758 802 804 843 et
828 799 1017 844 Petrum
1044 796 1102 844 de
1134 799 1338 844 Navarra
1364 797 1548 853 fratres,

146 873 265 919 filios
302 872 412 920 dicti
446 872 569 937 regis
601 875 823 920 Navarre.
862 871 1167 920 Postmodum
1202 889 1315 920 vero
1352 872 1553 920 restituit

146 949 281 997 dictis
321 950 491 997 Karolo
529 956 574 997 et
616 953 752 997 Petro
790 965 977 997 omnem
1019 955 1194 996 terram
1235 966 1376 1013 quam
1420 955 1553 1013 pater

145 1043 309 1074 eorum
325 1027 551 1074 habuerat
567 1027 613 1073 in
629 1027 928 1083 Normannia,
954 1026 1268 1074 emolumenta
1285 1026 1415 1091 cujus
1434 1027 1551 1074 reci-

146 1102 393 1167 piebantur
426 1120 613 1166 semper
644 1120 729 1167 per
756 1120 921 1151 manus
954 1103 1164 1167 ejusdem
1190 1103 1314 1167 regis
1340 1103 1547 1150 Francie.

209 1182 298 1228 Per
340 1197 543 1245 quorum
580 1180 916 1228 decollatorum
957 1180 1335 1243 supradictorum
1370 1180 1552 1227 confes-

145 1256 324 1305 sionem
348 1275 401 1305 ac
427 1258 758 1306 revelationem
785 1275 870 1321 per
897 1257 1081 1321 copiam
1106 1257 1268 1305 habuit
1293 1274 1378 1305 rex
1408 1261 1551 1304 Fran-

143 1334 213 1382 cie
238 1334 447 1398 ejusdem
467 1334 591 1399 regis
610 1338 814 1382 Navarre
831 1334 1167 1392 kalendarium,
1193 1335 1272 1397 qui
1296 1334 1343 1381 in
1364 1333 1550 1398 publico

143 1410 228 1458 fuit
252 1411 342 1458 cito
369 1411 634 1476 divulgatus
659 1418 705 1459 et
726 1429 750 1460 a
777 1411 935 1459 multis
960 1427 1045 1475 per
1068 1411 1268 1460 Parisius
1294 1411 1550 1474 transcrip-

144 1487 264 1544 tus2‚
292 1487 423 1552 cujus
449 1492 585 1535 tenor
609 1486 714 1535 talis
739 1492 841 1534 erat
873 1505 882 1533 :

207 1591 306 1636 Rex
331 1587 540 1636 Francie.
989 1586 1348 1635 Nummularius.

208 1667 486 1728 Imperator.
987 1664 1204 1727 Aqrippa.

205 1743 305 1789 Rex
328 1742 508 1806 Anglie.
986 1741 1253 1788 Laceratus.

206 1821 305 1866 Rex
332 1817 605 1883 Arragonie.
987 1817 1244 1865 Possessor.

142 1950 197 1986 les
225 1950 262 1986 V
291 1950 345 1987 lui
369 1950 411 1986 fit
440 1950 537 1996 don,
568 1952 678 1998 apres
709 1950 942 1988 l’exccution
971 1950 1018 1987 de
1047 1962 1117 1987 son
1146 1950 1264 1996 mari,
1292 1949 1405 1985 d'une
1436 1953 1546 1986 rente

142 2008 322 2046 annuelle
349 2016 386 2046 et
407 2010 561 2057 viagere
587 2010 631 2046 de
652 2010 721 2046 200
742 2010 880 2053 livres;
909 2010 982 2046 6116
1011 2009 1135 2056 parait
1165 2009 1272 2046 avoir
1297 2009 1426 2046 habite
1448 2008 1546 2046 Ber-

141 2078 232 2115 nay.
254 2068 315 2104 En
335 2074 418 2104 tout
439 2079 517 2114 cas,
540 2068 612 2103 elle
633 2068 753 2105 vivait
774 2078 912 2104 encore
933 2079 982 2104 en
1005 2067 1095 2104 1385
1118 2067 1249 2114 (Arch.
1272 2072 1368 2112 nat.,
1389 2066 1425 2102 K
1441 2066 1544 2112 1721,

139 2125 247 2173 piece
268 2126 338 2172 24).
358 2125 490 2162 Pierre
510 2124 559 2160 du
587 2125 720 2161 Tertre
741 2130 778 2161 et
803 2125 945 2172 Jaquet
965 2124 1010 2160 (16
1040 2124 1125 2160 Rue
1152 2124 1279 2161 furent
1306 2124 1489 2161 executes
1510 2124 1545 2159 16

141 2185 184 2221 28
208 2184 294 2232 juin
316 2184 419 2221 1378.
448 2183 643 2220 Christine
664 2183 709 2219 (16
737 2183 854 2219 pisan
877 2183 948 2229 (ed.
971 2183 1128 2228 Petitot,
1158 2183 1352 2219 Collection
1375 2184 1544 2228 complace

140 2245 199 2280 des
218 2244 407 2280 Memoires
429 2246 571 2289 relatz'fs
592 2245 614 2278 ὰ
635 2242 812 2279 l'hz'stoz're
839 2244 880 2278 de
900 2244 1049 2284 France,
1074 2247 1101 2278 t.
1125 2241 1194 2289 VI,
1216 2253 1252 2289 p.
1284 2242 1361 2288 103)
1385 2246 1543 2278 raconte

140 2301 255 2349 qu'au
274 2301 372 2338 mois
393 2301 438 2337 (16
460 2311 563 2337 mars
584 2300 744 2337 Charles
763 2301 796 2336 V
811 2299 914 2337 avait
935 2301 994 2336 ete
1016 2299 1121 2336 avise
1136 2311 1204 2346 par
1226 2313 1240 2333 «
1259 2311 1408 2336 aucuns
1425 2310 1541 2347 grans

142 2360 342 2408 seigneurs
365 2374 380 2394 »
405 2360 471 2396 des
498 2360 640 2407 projets
670 2359 714 2396 de
741 2360 884 2407 Jaquet
910 2359 955 2395 de
983 2359 1081 2396 Rue.
1114 2359 1214 2395 C'est
1241 2370 1331 2395 sans
1358 2359 1472 2396 doute
1494 2370 1542 2394 au

142 2426 267 2456 comte
287 2419 333 2456 (16
353 2420 448 2455 Foix
469 2420 606 2466 qu'elle
628 2418 696 2455 fait
718 2419 898 2454 allusion.

190 2479 221 2514 1.
247 2478 322 2514 Sur
342 2478 378 2513 la
398 2488 610 2524 campagne
635 2477 680 2512 (16
708 2476 945 2513 Normandie
974 2482 1107 2514 contre
1133 2477 1188 2513 165
1214 2477 1440 2522 Navarrais,
1462 2476 1545 2513 voir

141 2529 280 2573 l'E'tucle
299 2549 365 2573 sur
387 2540 422 2573 la
442 2540 497 2572 vie
517 2538 558 2572 cle
577 2538 670 2572 Jean
691 2539 721 2572 le
740 2537 904 2578 Mercier,
928 2548 964 2583 p.
989 2537 1031 2573 64
1053 2536 1075 2571 a
1094 2536 1151 2572 69.

187 2597 221 2633 2.
244 2596 306 2632 On
335 2596 543 2643 s'explique
569 2607 638 2642 par
665 2601 764 2632 cette
791 2595 973 2642 publicite
999 2595 1148 2633 (10111166
1175 2607 1224 2633 au
1251 2595 1385 2632 chiffre
1412 2595 1461 2631 du
1489 2596 1545 2632 roi

140 2656 186 2692 de
207 2656 380 2693 Navarre
402 2666 474 2703 que
497 2655 626 2691 Pierre
655 2655 812 2691 Goehon
839 2655 891 2691 ait
916 2667 966 2700 pu
993 2666 1042 2691 en
1067 2655 1174 2692 avoir
1198 2654 1479 2692 connaissance
1507 2660 1544 2690 et

141 2715 316 2752 l'inse'rer
341 2715 437 2750 (lans
467 2726 508 2750 sa
539 2715 744 2760 Chronique
773 2717 977 2750 normande
1004 2714 1072 2760 (ed.
1102 2715 1170 2751 Ch.
1199 2714 1244 2751 (16
1269 2714 1541 2761 Beaurepaire,

142 2786 237 2822 pour
258 2776 293 2811 la
315 2774 465 2811 Socie'tc
487 2774 532 2809 de
554 2773 750 2810 l'Histoire
771 2773 816 2810 (16
837 2773 1089 2821 Normandie,
1111 2786 1147 2821 p.
1172 2774 1265 2821 153).
