1923 3358
111 286 215 333 4340]
387 287 754 321 CHRONOGRAPHIA
780 287 932 319 REGUM
957 285 1234 319 FRANGORUM.
1464 283 1508 320 95

109 368 348 417 residuum
391 368 539 431 patrie
581 367 690 414 dicti
726 367 946 415 Johannis
982 366 1041 413 de
1084 365 1312 423 Hanonia‚
1354 365 1506 413 eidem

108 445 449 492 mandaverunt
485 444 674 491 bellum.
709 446 808 500 Quo
840 459 1085 499 concesso,
1121 442 1278 489 statim
1313 458 1507 506 congre-

106 522 234 586 gavit
259 522 476 569 comitem
507 520 729 576 Hanonie,
758 520 925 567 ducem
956 520 1224 577 Brabancie,
1253 521 1424 568 Rufum
1449 519 1506 567 de

106 600 422 655 Falcomonte,
459 597 776 645 marchionem
810 598 1000 654 Julioci;
1036 598 1182 644 eciam
1216 598 1416 646 Jacobus
1448 598 1507 646 de

106 676 338 723 Artevella
365 689 471 721 cum
496 673 653 720 multis
679 673 928 736 Flamingis
955 673 1266 721 descendebat
1293 675 1351 722 ad
1379 690 1504 722 eum.

170 755 316 799 Porro
343 750 517 797 dictum
544 754 615 796 est
640 748 853 797 soldariis
883 749 1006 813 regis
1037 750 1227 797 Francie
1252 768 1278 797 a
1304 750 1507 813 quodam

104 827 347 875 insidiante
378 825 505 889 quod
538 825 745 889 prefatus
770 825 1002 873 Johannes
1033 825 1091 873 de
1122 826 1327 873 Hanonia
1351 826 1508 873 venie-

104 904 184 952 bat
216 903 400 951 circiter
433 918 540 950 cum
576 902 814 966 sexaginta
852 902 1039 949 milibus
1074 901 1316 949 hominum
1354 918 1507 949 armo-

103 997 232 1037 rum3
255 997 348 1044 quo
369 979 544 1036 audito,
569 979 725 1026 statim
744 979 921 1026 reversi
941 984 1047 1026 sunt
1068 995 1154 1042 per
1173 995 1363 1026 nemora
1384 979 1507 1042 apud

102 1057 356 1106 Vrevinum
384 1063 430 1103 et
455 1056 683 1103 miserunt
711 1055 770 1102 ad
799 1071 958 1119 regem
988 1055 1178 1102 Francie
1206 1054 1399 1102 nuncios
1428 1055 1506 1117 qui

102 1138 345 1180 narrarent
355 1133 396 1179 ei
407 1132 603 1195 qualiter
616 1148 773 1179 comes
788 1132 994 1178 Hanonie
1012 1137 1379 1196 congregaverat
1395 1147 1508 1194 gen-

101 1215 197 1257 tem
223 1225 355 1257 suam
379 1209 437 1256 ad
463 1208 753 1273 gravandum
778 1225 901 1256 eum.
926 1211 1025 1256 Rex
1049 1225 1162 1272 ergo
1187 1208 1272 1255 hec
1294 1207 1504 1264 audiens,

101 1286 340 1333 mandavit
385 1286 600 1333 soldariis
641 1285 699 1333 de
742 1287 989 1334 Cameraco
1032 1284 1160 1348 quod
1208 1284 1509 1332 incenderent

101 1362 384 1418 Hanoniam;
413 1368 459 1409 et
485 1362 689 1410 Galesius
715 1362 773 1409 de
797 1365 1003 1418 Bamma,
1028 1361 1115 1408 hoc
1140 1361 1360 1408 mandato
1379 1361 1509 1425 gavi-

101 1453 197 1493 sus,
226 1436 505 1500 intempeste
530 1437 678 1484 noctis
705 1437 909 1494 silencio,
935 1453 991 1484 ne
1018 1437 1340 1500 perciperetur
1363 1454 1390 1483 a
1415 1436 1507 1483 sol-

100 1512 243 1560 dariis
279 1519 541 1560 castrorum
575 1513 859 1570 vicinorum,
898 1513 1010 1560 exiit
1043 1529 1149 1560 cum
1183 1512 1508 1561 Janniensibus

100 1595 147 1637 et
171 1589 283 1637 abiit
308 1589 354 1636 in
380 1589 652 1646 Hanoniam,
681 1589 762 1637 ubi
788 1589 1048 1636 combussis
1080 1592 1267 1652 Happra
1293 1594 1339 1636 et
1363 1588 1508 1651 pluri-

101 1666 187 1714 bus
207 1666 306 1714 aliis
324 1666 461 1723 villis,
485 1683 590 1714 cum
610 1665 792 1730 magnis
812 1665 972 1728 spoliis
991 1664 1130 1712 rediit
1155 1664 1481 1713 cameracum1
1494 1701 1504 1712 .

164 1747 258 1791 Hec
288 1742 502 1799 audiens,
538 1759 695 1790 comes
726 1742 932 1790 Hanonie
963 1748 1073 1789 tunc
1105 1757 1286 1788 moram
1320 1741 1508 1788 trahens

99 1819 413 1876 valencianas,
445 1819 589 1866 voluit
622 1819 842 1883 persequi
874 1822 1075 1866 Francos
1107 1834 1213 1865 cum
1246 1817 1507 1865 communia

98 1896 232 1953 ville3
273 1896 356 1944 sed
392 1895 586 1943 consilio
625 1896 940 1960 quorumdam
981 1895 1267 1959 sapiencium
1304 1895 1507 1957 burgen-

99 1973 239 2030 cium‚
275 1989 367 2020 non
400 1972 512 2021 exiit
546 1972 604 2020 de
636 1973 760 2021 villa.
796 1973 1014 2035 Sequenti
1047 1989 1161 2020 vero
1196 1971 1289 2028 die,
1325 1971 1436 2018 abiit
1460 1971 1506 2017 in

98 2049 401 2097 Brabanciam
419 2049 478 2096 ad
497 2048 681 2107 ducem,
705 2055 888 2112 patrem
908 2048 1068 2096 uxoris
1092 2064 1173 2095 sue
1199 2053 1246 2094 et
1271 2046 1507 2095 enarravit

98 2126 162 2172 illi
192 2127 389 2188 qualiter
419 2126 582 2173 Franci
612 2126 813 2189 patriam
848 2141 978 2173 suam
1015 2124 1385 2172 combusserant.
1422 2123 1505 2179 Qui

99 2202 160 2249 ob
187 2202 274 2249 hoc
304 2203 422 2249 letus
454 2203 608 2249 animo
641 2203 788 2249 factus
817 2208 888 2249 est
916 2208 968 2249 ut
996 2217 1104 2248 eum
1128 2200 1322 2248 celerius
1350 2199 1409 2246 ad
1436 2199 1507 2246 sui

98 2279 362 2342 pactionem
399 2285 641 2326 revocaret
676 2285 720 2326 et
754 2295 860 2326 cum
897 2294 1006 2341 rege
1041 2277 1225 2341 Anglie,
1260 2293 1349 2340 pro
1380 2276 1505 2340 regis

96 2355 286 2402 Francie
307 2361 603 2409 nocumento,
627 2356 765 2402 firmo
784 2354 1025 2415 tenacique
1051 2359 1187 2416 pacto
1214 2354 1500 2400 conveniret.

162 2431 368 2494 Denique
402 2448 544 2495 super
578 2431 665 2478 hiis
699 2430 889 2479 consilio
924 2429 1080 2476 habito
1111 2429 1233 2476 inter
1264 2446 1330 2486 se,
1367 2428 1503 2476 simul

97 2513 406 2570 perrexerunt
445 2507 716 2555 Gandavum
757 2513 896 2569 atque
931 2505 1103 2555 ,Iacobo
1141 2506 1199 2553 de
1237 2504 1503 2553 Arthevella

146 2643 177 2678 1.
203 2642 278 2678 Sur
297 2642 332 2677 16
352 2641 490 2689 pillage
510 2641 560 2676 du
580 2641 751 2677 Hainaut
771 2646 808 2676 et
830 2641 863 2676 16
885 2651 950 2677 sac
970 2640 1193 2687 d'Haspres,
1214 2639 1297 2676 voir
1312 2639 1505 2674 Froissart

99 2700 170 2746 (ed.
192 2701 311 2747 Luce,
332 2706 359 2736 t.
382 2700 414 2746 Ι,
433 2711 470 2746 p.
493 2711 568 2745 CCL,
591 2710 683 2745 cem,
707 2699 772 2735 193
794 2699 815 2734 a
836 2698 903 2734 195
923 2703 960 2735 et
984 2698 1053 2734 488
1073 2699 1094 2734 a
1114 2698 1210 2739 490).
1234 2697 1342 2733 Cette
1372 2701 1503 2733 courte

97 2759 315 2806 expedition
336 2763 400 2795 eut
422 2759 498 2795 lieu
518 2757 689 2805 pendant
710 2758 744 2794 le
767 2757 920 2795 careme
939 2757 985 2793 de
1005 2757 1157 2794 l’annee
1180 2756 1283 2793 1340.
