1923 3358
141 271 243 317 1340]
414 274 783 308 CHRONOGRAPHIA
809 276 961 308 REGUM
986 275 1262 308 FRANCORUM.
1495 274 1538 311 89

138 354 288 401 facere
322 369 413 401 non
449 354 646 411 valeret,
684 355 749 402 eis
785 355 928 402 verba
962 355 1118 402 suavia
1152 360 1198 402 et
1233 353 1382 403 dulcia
1409 354 1540 418 juxta

137 448 275 495 posse
301 431 367 478 eis
393 431 663 488 offerebat13
690 448 777 496 pro
805 449 888 479 suo
914 448 1100 495 quoque
1125 448 1311 480 recessu
1337 432 1534 488 meliori,

137 513 313 555 secrete
346 507 531 571 scripsit
563 507 697 554 uxori
730 524 828 564 sue,
859 524 950 569 que
982 513 1092 555 tunc
1119 513 1218 555 erat
1242 508 1366 571 apud
1391 511 1539 557 Mace-

137 585 228 632 rias
254 601 396 648 super
419 586 641 639 Mosam2‚
665 589 837 631 statum
863 600 1000 631 suurn
1021 591 1066 632 et
1085 585 1283 648 qualiter
1308 585 1395 633 sibi
1421 584 1539 632 acci—

135 661 285 718 derat,
324 677 495 725 rogans
532 660 658 723 quod
695 660 796 722 ipsa
834 659 1059 707 scriberet
1094 662 1135 708 ei
1172 662 1299 724 quod
1337 663 1383 709 in
1421 662 1539 710 lecto

135 737 318 784 mortali
346 739 519 801 jaceret
550 742 596 783 et
628 735 772 798 quod,
809 752 967 783 amore
998 737 1096 793 Dei,
1129 738 1310 784 veniret
1341 738 1398 785 ad
1430 738 1540 785 visi-

134 815 328 862 tandum
348 830 467 861 earn.
489 816 588 871 Quo
605 814 855 877 completo,
877 819 1108 860 venerunt
1129 814 1284 861 nuncii
1305 815 1539 862 comitisse

134 892 193 940 ad
236 891 453 938 comitem
496 891 542 937 in
585 891 804 938 Gandavo
848 891 1149 948 existentem,
1193 892 1539 956 Flamingorum

132 969 348 1015 catherva
367 968 695 1031 constipatum,
716 967 1077 1031 obtuleruntque
1094 967 1179 1015 sibi
1199 968 1376 1016 litteras
1396 969 1539 1016 comi—

131 1044 242 1092 tisse
268 1061 358 1108 que
384 1044 500 1091 lecte
527 1044 713 1091 fuerunt
740 1060 898 1092 coram
922 1044 1162 1101 omnibus;
1192 1045 1538 1109 postulavitque

131 1138 289 1169 comes
315 1121 562 1186 Flamingis
594 1121 721 1184 quod
753 1127 914 1184 posset
938 1122 1004 1168 ire
1030 1121 1087 1168 ad
1114 1138 1309 1168 uxorem
1337 1138 1468 1169 suam
1495 1129 1540 1170 et

132 1199 288 1246 statim
313 1198 502 1246 reverti.
534 1201 632 1256 Quo
659 1215 897 1255 concesso,
927 1204 1056 1246 recto
1081 1199 1267 1246 tramite
1301 1199 1538 1262 profectus

131 1282 202 1323 est
228 1275 428 1323 Parisius
455 1275 513 1322 ad
546 1291 706 1339 regem
738 1275 927 1324 Francie
960 1281 1004 1322 et
1036 1275 1243 1323 narravit
1267 1276 1308 1323 ei
1335 1293 1425 1339 que
1452 1276 1539 1324 sibi

131 1351 416 1399 acciderant.

194 1428 418 1492 Flamingi
439 1444 644 1490 quoque,
668 1428 826 1475 audito
849 1428 976 1490 quod
995 1444 1151 1475 comes
1171 1434 1293 1476 esset
1316 1429 1534 1487 Parisius,

130 1504 352 1552 dixerunt
377 1505 498 1551 intra
526 1521 575 1551 se
605 1504 731 1567 quod
765 1504 905 1551 falsus
931 1510 976 1551 et
1005 1521 1202 1567 nequam
1229 1511 1327 1552 erat
1353 1506 1431 1569 qui
1459 1522 1539 1554 cos

130 1581 196 1629 sic
221 1581 474 1644 reliquerat
501 1587 547 1628 et
579 1581 706 1643 quod
739 1581 908 1628 amodo
940 1597 1031 1627 non
1065 1581 1291 1645 gauderet
1314 1582 1372 1629 de
1397 1582 1540 1629 comi-

128 1663 245 1705 tatu.
275 1657 385 1705 Ideo
416 1657 698 1705 unanimiter
727 1657 1069 1705 mandaverunt
1099 1657 1198 1721 regi
1223 1658 1384 1722 Anglie
1415 1658 1540 1721 apud

128 1735 429 1799 Anverpiam,
459 1741 510 1782 ut
544 1734 642 1782 sine
675 1750 807 1781 mora
840 1734 1020 1781 veniret
1048 1735 1095 1781 in
1124 1735 1404 1782 Flandriam.
1434 1735 1536 1793 Qui,

128 1817 174 1860 et
199 1828 319 1859 uxor
350 1811 449 1876 ejus
480 1828 571 1874 que
602 1827 837 1876 pregnans
871 1817 971 1858 erat
997 1816 1041 1857 et
1068 1810 1162 1858 duo
1191 1811 1271 1858 filii
1297 1814 1413 1873 ejus,
1444 1811 1539 1858 dux

127 1889 398 1947 Brabancie,
429 1889 636 1937 marchio
661 1889 841 1942 Julioci,
871 1904 1028 1936 comes
1055 1888 1272 1937 Gueldrie
1298 1895 1345 1935 et
1369 1889 1540 1936 Johan-

129 1982 211 2012 nes
236 1965 294 2013 de
319 1966 526 2012 Hancnia
549 1972 781 2013 venerunt
807 1964 1128 2021 Gandavum3,
1149 1964 1243 2028 jam
1266 1964 1540 2028 garnisioni-

177 2099 210 2134 1.
232 2098 305 2134 Les
340 2109 566 2134 communes
600 2099 689 2135 n’en
721 2098 968 2145 persistaient
1001 2109 1068 2144 pas
1106 2098 1233 2133 moins
1271 2097 1293 2133 a
1331 2097 1535 2144 pretendre

128 2157 286 2204 qu'elles
319 2157 464 2194 etaient
495 2158 622 2205 pretes
654 2158 676 2194 a
708 2158 813 2194 cheir
839 2169 887 2193 au
915 2162 1040 2193 comte
1067 2156 1113 2193 de
1138 2156 1323 2202 mandre,
1350 2171 1365 2190 «
1387 2168 1534 2204 pourvu

130 2228 144 2249 ε(
168 2214 258 2261 qu'il
280 2215 456 2262 s'engage
478 2216 500 2252 a
520 2222 714 2263 respecter
734 2218 838 2253 leurs
858 2216 976 2252 droits
998 2221 1035 2251 et
1063 2215 1167 2250 leurs
1201 2215 1417 2252 franchises
1423 2241 1493 2251 .....
1518 2230 1533 2249 n

130 2273 346 2319 (Froissart,
369 2274 427 2310 ed.
450 2275 610 2322 Kervyn
632 2275 676 2311 de
697 2276 951 2320 Lettenhove,
973 2280 1000 2310 t.
1023 2273 1094 2319 III,
1120 2285 1157 2320 p.
1181 2274 1277 2318 478.)

174 2332 209 2369 2.
231 2332 436 2379 Mezieres‚
472 2334 663 2370 chef-lieu
697 2334 745 2370 du
778 2334 1045 2381 departement
1072 2333 1137 2368 des
1162 2330 1382 2369 Ardennes.
1409 2353 1456 2359 —
1481 2333 1536 2369 La

128 2396 318 2428 comtesse
339 2391 384 2427 de
406 2391 572 2428 Flandre
593 2393 686 2429 etait
707 2404 797 2428 sans
819 2392 933 2428 doute
963 2402 1052 2427 sous
1082 2392 1118 2427 la
1143 2392 1361 2438 protection
1388 2391 1437 2427 du
1463 2392 1536 2428 duc

126 2450 354 2487 d'AtheneS.
387 2450 505 2493 (Bibl.
540 2456 637 2499 nat.‚
665 2452 790 2488 Titres
820 2451 955 2487 scelles
983 2451 1029 2486 de
1056 2450 1346 2498 Clairambault,
1370 2451 1445 2488 vol.
1475 2452 1532 2496 55,

127 2509 190 2545 fol.
215 2509 336 2549 4141.)

175 2568 209 2604 3.
238 2567 429 2604 Froissart
468 2568 588 2604 relate.
627 2569 681 2604 les
711 2568 931 2604 differentes
964 2569 1104 2616 phases
1137 2569 1182 2605 de
1215 2568 1456 2605 l'assemblee
1488 2567 1534 2603 de

128 2626 252 2671 Gand‚
283 2628 330 2662 cu
364 2626 398 2662 le
426 2627 529 2674 siege
558 2627 602 2663 de
623 2627 794 2664 Tournai
823 2628 879 2663 fut
909 2627 1039 2664 decide
1068 2628 1360 2675 (janvier1340,
1387 2638 1426 2663 n.
1457 2632 1532 2674 st.).

129 2686 204 2722 Sur
224 2686 257 2722 le
280 2686 409 2733 sejour
427 2676 641 2723 d'Edouard
664 2687 722 2722 III
747 2687 769 2722 a
793 2686 919 2734 Gand‚
948 2687 1031 2724 voir
1056 2688 1249 2724 Froissart
1277 2687 1347 2733 (ed.
1370 2687 1532 2732 Kervyn

127 2744 172 2781 de
192 2745 445 2792 Lettenhove,
466 2751 494 2781 t.
517 2745 588 2792 ΠΙ,
609 2757 645 2793 p.
668 2746 762 2792 476).
786 2746 817 2782 Il
837 2746 916 2783 faut
938 2746 1006 2783 lire
1030 2760 1045 2781 «ι
1070 2747 1148 2783 dux
1169 2745 1364 2783 Gueldrie.
1391 2758 1406 2777 ι)
