1923 3358
134 279 237 326 1339]
404 283 773 316 CHRONOGRAPHIA
799 284 952 316 REGUM
976 284 1254 317 FRANCORUM.
1488 285 1506 319 7
1514 284 1528 318 ‘l

130 362 322 419 ibidem,
353 379 433 410 sua
459 363 652 426 propria
677 379 834 420 manu,
864 363 1021 428 ignem
1045 364 1253 421 immisit,
1277 369 1324 412 et
1346 365 1412 412 sic
1437 366 1533 429 pri-

130 455 235 486 mus
277 439 577 503 Anglicorum
626 440 725 503 ipse
769 441 816 486 in
859 457 1005 505 regno
1049 445 1334 490 Francorum
1377 442 1533 490 villam

127 515 361 563 firmatam
387 516 586 563 flammis
611 516 865 563 succendit.

191 593 482 641 Festinanter
509 608 641 649 vero,
672 598 869 655 propter
900 597 1078 640 metum
1109 593 1349 643 hominum
1379 612 1534 643 armo-

128 686 235 717 rum
255 670 333 732 qui
352 669 398 716 in
419 668 607 716 castello
632 674 764 715 erant
789 674 837 715 et
862 669 1177 732 preparabant
1197 687 1245 718 se
1266 672 1325 719 ad
1344 673 1535 720 venien-

127 747 240 794 dum
278 752 438 793 contra
476 762 578 800 eos,
617 761 725 792 cum
762 745 910 808 preda
946 751 1082 809 capta
1120 747 1366 805 recedens,
1407 750 1535 797 venit

128 822 384 872 Condetum
405 826 451 868 et
470 820 637 868 dehinc
657 821 715 868 ad
735 821 1033 871 Valencianas
1053 838 1159 869 cum
1180 823 1275 870 suis
1299 841 1530 881 remeans,

127 899 349 963 episcopo
376 903 423 946 et
447 898 546 945 aliis
573 897 700 961 quod
727 899 899 946 factum
925 904 1025 946 erat
1051 900 1273 947 narravit.

191 978 230 1023 A
273 975 443 1039 quibus
487 975 680 1038 quidem
730 975 900 1022 iterum
948 975 1135 1023 indilate
1180 976 1428 1035 recedens,
1476 978 1535 1026 de

127 1052 424 1101 Valencianas
461 1051 565 1116 (sic)
602 1068 709 1100 cum
748 1051 843 1099 suis
881 1058 926 1099 et
964 1052 1174 1100 ducentis
1214 1053 1442 1118 sagitariis
1476 1055 1534 1102 ad

126 1129 330 1192 quodam
354 1128 455 1192 (sic)
479 1128 719 1176 castellum
742 1129 949 1192 episcopi
974 1130 1334 1187 Cameracensis,
1359 1131 1535 1179 dictum

124 1205 252 1252 Thun
284 1204 501 1268 Episcopi
534 1204 706 1252 venit1.
736 1204 808 1252 Ad
839 1204 1140 1252 castellanum
1172 1222 1287 1253 vero
1318 1207 1397 1269 qui
1429 1224 1535 1255 cum

124 1281 338 1329 soldariis
371 1282 465 1328 suis
498 1297 640 1345 supra
669 1297 831 1328 muros
858 1287 974 1335 erat,
1006 1282 1232 1330 assultum
1258 1290 1531 1347 expectans,

126 1359 310 1423 signum
347 1358 454 1406 fecit
488 1359 615 1421 quod
652 1359 838 1406 volebat
873 1359 1001 1421 loqui
1035 1359 1113 1406 illi.
1157 1360 1392 1424 Colloquio
1429 1379 1535 1410 cum

125 1435 292 1483 eodem
318 1435 581 1491 castellano,
607 1436 685 1498 qui
706 1435 892 1483 natione
918 1437 1183 1500 Flamingus
1208 1444 1324 1495 erat,
1349 1438 1406 1485 ad
1427 1438 1535 1486 bar-

125 1512 295 1559 reriam
330 1511 512 1568 habito,
553 1511 690 1558 minis
722 1518 769 1559 et
803 1512 1010 1574 pecuniis
1043 1518 1224 1560 tantum
1262 1513 1369 1561 fecit
1407 1515 1532 1578 quod

124 1589 248 1637 idem
274 1589 566 1646 castellanus,
597 1588 819 1653 episcopo
849 1590 1236 1646 Cammeracensi,
1266 1591 1345 1654 qui
1371 1592 1535 1638 castel-

123 1667 219 1713 lum
259 1682 394 1713 suum
430 1664 488 1712 ad
527 1664 886 1713 custodiendum
923 1664 1010 1711 sibi
1049 1665 1328 1722 tradiderat,
1369 1667 1530 1723 inscio,

122 1742 275 1790 eidem
301 1741 542 1789 traditorie
571 1742 793 1798 reddidit,
819 1749 865 1789 et
887 1758 993 1789 cum
1018 1741 1229 1789 soldariis
1250 1748 1296 1789 et
1317 1743 1535 1792 omnibus

121 1820 257 1867 bonis
283 1820 377 1867 suis
402 1819 634 1867 discessit..

186 1896 446 1945 walterus2
458 1892 614 1944 autem
629 1895 868 1944 castellum
882 1895 1078 1953 intrans,
1094 1895 1198 1943 ilico
1213 1896 1315 1960 (sio)
1331 1896 1534 1961 Anglicis

123 1973 218 2021 suis
242 1972 439 2020 munivit
458 1978 504 2020 et
523 1972 630 2019 inde
657 1972 715 2019 ad
743 1971 865 2019 aliud
893 1972 1149 2027 castellum,
1175 1971 1350 2019 dictum
1370 1972 1534 2020 Belen-

121 2049 230 2113 9hes
254 2066 474 2114 pergens,
505 2049 658 2113 ipsum
687 2048 899 2096 similiter
925 2048 1128 2113 Anglicis
1154 2049 1248 2096 suis
1274 2049 1489 2113 replevit.

187 2129 334 2174 Porro
361 2143 444 2173 rex
466 2126 628 2191 Anglie
654 2143 762 2174 cum
788 2126 914 2173 omni
941 2125 1147 2173 exercitu
1173 2142 1257 2172 suo
1284 2125 1343 2174 de
1369 2127 1532 2173 Monti-

124 2203 211 2251 bus
237 2203 295 2250 ad
318 2203 635 2260 Valencianas,
666 2209 714 2250 et
740 2203 905 2250 dehinc
930 2219 1016 2266 per
1041 2203 1328 2266 Happram3,
1353 2203 1531 2251 vexillis

172 2349 205 2383 1.
228 2346 283 2382 La
301 2346 408 2393 place
427 2346 472 2383 de
489 2338 806 2395 Thun-I‘Eveque
827 2347 960 2393 (Nord,
982 2347 1310 2384 arrondissement
1330 2353 1367 2384 et
1389 2354 1530 2386 canton

123 2406 168 2442 de
183 2404 372 2447 Cambrai)
390 2416 428 2441 se
445 2405 569 2442 rendit
584 2407 619 2442 le
634 2407 674 2443 21
695 2407 908 2453 septembre
926 2406 1028 2443 1339.
1047 2406 1254 2454 Froissart,
1277 2407 1355 2444 loin
1376 2407 1530 2455 d'adop-

123 2470 181 2501 ter
201 2465 238 2500 la
258 2464 383 2499 meme
405 2464 558 2500 version
583 2476 655 2512 que
682 2471 793 2501 notre
818 2465 1043 2512 chronique,
1065 2466 1227 2513 pretend
1247 2478 1319 2514 que
1341 2467 1375 2503 le
1397 2468 1528 2503 chate-

124 2524 203 2560 lain
224 2523 269 2559 de
290 2514 613 2571 Tliun-I'Eveque
635 2524 690 2560 fut
711 2525 856 2571 surpris
878 2524 974 2561 dans
997 2536 1065 2561 son
1087 2525 1141 2561 lit.

170 2583 205 2619 2.
227 2581 389 2618 Gautier
412 2582 559 2630 Manny
579 2583 694 2619 laissa.
721 2594 790 2619 son
814 2583 913 2620 frere
934 2583 1054 2620 Gilles
1074 2584 1128 2620 dit
1149 2584 1332 2632 Grignart
1353 2585 1374 2620 a
1395 2586 1430 2620 la.
1451 2586 1527 2621 tete

124 2642 170 2679 de
191 2642 227 2677 la
248 2641 444 2688 garnison.

172 2701 205 2736 3.
228 2700 411 2747 Haspres‚
434 2701 552 2747 Nord,
573 2701 900 2739 arrondissement
927 2702 971 2739 de
995 2703 1295 2749 Valenciennes,
1319 2708 1460 2739 canton
1481 2703 1525 2739 de

125 2759 338 2796 Bouchain.
