1923 3358
296 255 362 291 386
564 251 931 286 GHRONOGRAPHIA
958 250 1110 282 REGUM
1136 248 1414 281 FRANCORUM.

295 336 454 386 Wallie
493 334 538 379 in
580 331 870 395 Angolisma,
910 329 1094 377 civitate
1135 327 1429 391 Aequitanie,
1469 328 1548 374 ubi
1584 334 1695 376 tunc

294 417 392 459 erat
420 425 527 457 cum
556 425 638 456 sua
662 415 819 471 gente.
849 409 1013 454 Petrus
1043 421 1175 453 suam
1205 404 1482 452 nobiliorem
1511 420 1564 451 ac
1589 420 1697 467 pre-

293 487 537 535 ciosiorem
567 484 726 531 mundi
752 484 959 531 tabulam
985 483 1084 531 auri
1115 499 1168 529 ac
1195 497 1487 546 gemmarum
1517 481 1697 544 precio-

293 579 449 612 sarum
467 562 620 609 eidem
640 560 858 625 principi,
882 566 1010 608 certo
1037 565 1174 624 pacto
1202 559 1323 606 facto
1349 574 1455 606 cum
1481 574 1555 613 eo,
1583 557 1699 605 libe-

291 640 450 687 raliter
475 637 684 686 donavit.
714 637 799 695 Qui
825 636 1070 684 confestim
1093 635 1217 683 misit
1243 634 1479 698 quesitum
1503 633 1698 681 comites

293 715 541 764 Arminiaci
572 720 618 761 et
643 713 775 770 Fuxi‚
802 712 1052 776 captallum
1084 711 1143 759 de
1174 714 1268 759 Buc
1294 716 1340 758 et
1375 710 1620 775 Anglicos3
1655 715 1703 756 et

292 797 521 841 venerunt
551 807 641 839 una
677 790 853 854 pariter
879 794 986 837 ante
1018 792 1246 853 Nagerem
1279 788 1326 835 in
1352 787 1588 851 Hispania,
1616 786 1696 835 ubi

292 867 577 918 Bertrandus
603 866 789 930 pridem
815 871 920 913 ante
952 881 1118 913 eorum
1149 881 1388 912 accessum
1418 870 1525 912 ante
1550 865 1700 928 Nage-

293 960 394 991 rem
451 944 627 990 vicerat
679 942 891 999 Feleton,
950 941 1192 1006 Anglicum
1209 980 1219 997 ‚
1273 957 1379 988 cum
1434 939 1700 1004 quingentis

293 1020 549 1068 bachinetis
575 1025 621 1066 et
644 1019 942 1083 recuperavit
964 1018 1180 1066 victualia
1207 1035 1298 1081 que
1325 1017 1426 1081 ipse
1454 1017 1703 1081 collegerat

295 1115 443 1162 prope
461 1097 719 1144 exercitum
741 1095 980 1160 principis,
999 1095 1079 1158 qui
1096 1095 1235 1142 talem
1247 1095 1520 1159 paciebatur
1535 1094 1704 1141 famem

294 1174 420 1238 quod
448 1173 733 1222 Bertrandus
764 1173 1060 1220 consuluerat
1087 1172 1213 1235 quod
1248 1172 1335 1235 ipsi
1361 1172 1576 1228 fuissent,
1608 1171 1706 1218 sinc

297 1252 443 1315 prelio
472 1251 538 1297 eis
564 1249 792 1306 faciendo,
823 1249 1027 1305 dimissi3
1057 1249 1215 1296 dicens
1243 1249 1364 1296 ultra
1389 1248 1516 1311 quod
1543 1247 1707 1296 Henri-

297 1345 378 1375 cus
422 1345 514 1374 non
559 1333 790 1391 pugnaret
831 1343 939 1374 cum
976 1326 1213 1389 Hispanis,
1257 1326 1294 1373 si
1332 1325 1421 1372 sibi
1465 1325 1704 1381 credebat,

299 1405 500 1452 maxime
532 1421 587 1452 eo
620 1404 748 1467 quod
780 1404 999 1467 princeps
1033 1403 1338 1450 mandaverat
1370 1405 1614 1467 Hugonem
1649 1401 1708 1448 de

299 1482 556 1545 Kavrelayo
581 1487 626 1529 et
650 1497 812 1528 omnes
839 1480 918 1543 qui
946 1486 1078 1527 erant
1108 1496 1214 1527 cum
1236 1480 1454 1536 Henrico,
1485 1480 1564 1542 qui
1598 1495 1710 1526 mox

300 1557 453 1621 ipsum
473 1557 789 1619 relinquentes
815 1562 862 1604 et
890 1556 1130 1603 licenciam
1157 1556 1216 1603 ab
1242 1573 1297 1603 eo
1325 1561 1556 1620 petentes,
1581 1571 1711 1602 eum-

301 1634 408 1681 dem
440 1633 702 1696 principem
733 1638 779 1680 et
808 1632 907 1696 ejus
937 1633 1196 1681 exercitum
1227 1633 1447 1680 continuo
1474 1632 1708 1681 adierunt.

300 1710 389 1757 Sed
429 1715 592 1757 contra
632 1710 876 1757 Bertrandi
919 1710 1189 1773 opinionem
1227 1709 1423 1756 sabbato
1461 1709 1519 1756 de
1555 1709 1713 1757 Ramis

302 1786 580 1849 palmarum,
606 1792 713 1832 ante
740 1788 968 1849 Nagerem
989 1786 1073 1832 fuit
1094 1785 1293 1849 prelium
1315 1791 1451 1832 atrox
1480 1791 1527 1833 et
1547 1802 1713 1833 cruen-

304 1869 418 1909 tum.
446 1865 510 1909 De
534 1861 749 1925 Hispanis
776 1861 866 1909 xx‘i
888 1861 1012 1908 milia
1028 1878 1054 1908 e
1081 1862 1229 1924 prelio
1255 1862 1476 1926 fugerunt
1503 1867 1550 1909 et
1573 1862 1713 1909 etiam

302 1940 497 2004 vinginti
526 1940 649 1987 milia
679 1940 1016 1988 Janniencium.
1046 1940 1352 1996 Bertrandus‚
1383 1940 1635 1988 Odenehen
1667 1947 1714 1987 et

303 2017 472 2064 Balbus
497 2017 555 2065 de
581 2016 786 2066 Villaniis
812 2017 953 2080 capti,
983 2024 1028 2064 et
1054 2017 1224 2080 captivi
1251 2017 1477 2081 principis
1497 2017 1712 2073 fuerunt3

305 2093 547 2151 lIenricus,
577 2110 726 2140 novus
752 2109 838 2140 rex
864 2099 1170 2149 memoratus,
1199 2109 1283 2157 per
1309 2093 1465 2158 fugam
1488 2110 1538 2141 se
1565 2093 1716 2140 salva-

305 2170 388 2224 vit,
416 2176 463 2216 et
487 2169 612 2232 apud
639 2170 933 2227 Tristemare,
964 2169 1042 2217 ubi
1068 2186 1267 2217 uxorem
1293 2186 1425 2217 suam
1450 2169 1713 2225 dimiserat,

308 2263 448 2309 quam
483 2247 617 2294 citius
655 2247 881 2310 perrexit.
927 2247 1148 2310 Princeps
1182 2253 1228 2294 et
1268 2250 1432 2294 Petrus
1468 2263 1575 2294 cum
1619 2247 1713 2294 suis

309 2323 525 2370 omnibus
550 2323 608 2370 dc
635 2326 812 2388 Nagere
838 2330 943 2371 ante
979 2324 1187 2371 Toletam
1218 2330 1264 2370 et
1291 2324 1498 2371 sibiliam
1529 2331 1576 2371 et
1607 2323 1718 2371 alias

310 2400 611 2463 quamplures
640 2400 853 2447 civitates
882 2400 1114 2457 abierunt,
1145 2417 1236 2462 que
1259 2400 1389 2447 ocius
1420 2417 1469 2447 se
1500 2399 1718 2448 reddide-

313 2483 437 2522 runt.
463 2475 667 2538 Denique
695 2477 930 2540 princeps,
956 2494 981 2523 a
1002 2480 1139 2524 Petro
1164 2492 1274 2540 rege
1295 2475 1565 2540 supradicto
1591 2492 1720 2522 rece-

314 2553 429 2600 dens
464 2569 568 2600 cum
606 2554 717 2607 suis,
756 2571 841 2617 per
875 2558 1129 2602 Navarram
1171 2554 1216 2600 in
1254 2554 1576 2617 Acquitaniam
1610 2569 1716 2601 cum

317 2629 508 2691 prefatis
534 2629 822 2693 prisionariis
849 2630 944 2678 suis
971 2631 1212 2678 remeavit.
1243 2633 1406 2678 Petrus
1431 2636 1588 2678 autem
1613 2645 1715 2686 rex,
