1923 3358
108 296 212 343 1373]
383 300 754 332 CHRONOGRAPHIA
781 298 934 331 REGUM
960 297 1240 331 FRANGORUM.
1443 293 1509 331 305

105 379 252 426 eciam
278 396 336 426 ex
361 395 589 427 consensu
621 378 934 442 quorumdam
961 378 1019 425 de
1051 378 1202 442 patria
1233 396 1241 425 :
1272 377 1510 427 Venetiani

105 472 309 519 quoque,
329 456 435 519 quia
454 456 512 504 ad
531 456 681 503 levam
695 462 941 510 steterunt,
961 455 1183 520 indignati
1202 460 1308 502 sunt
1326 454 1506 502 valde'.

103 532 232 590 Ideo,
260 534 375 580 hora
406 533 606 596 prandii,
636 533 942 597 dedignantes
976 549 1083 579 cum
1114 549 1226 596 rege
1260 532 1506 596 prandere,

104 625 243 657 manu
282 616 460 656 armata
497 610 790 656 intraverunt
827 609 1080 672 palacium,
1124 615 1170 655 et
1214 608 1511 672 presentibus

103 700 215 748 rege
241 701 295 732 ac
314 684 585 741 baronibus,
609 684 880 731 occiderunt
899 688 1152 732 Jannenses
1179 685 1257 747 qui
1283 685 1512 732 affuerant

103 760 409 808 coronationi.
434 763 534 819 Quo
551 760 728 817 audito,
753 760 815 807 illi
840 760 897 808 de
917 760 1079 809 Jannia
1100 766 1510 825 congregaverunt

103 842 290 901 gentem
316 836 554 899 copiosam
586 843 631 884 et
663 853 769 885 cum
799 836 984 900 navigio
1017 837 1224 884 maximo
1254 843 1512 884 transmea-

101 918 211 961 runt
244 913 292 959 in
327 912 535 976 Ciprum,
574 913 653 961 ubi
690 913 847 960 multis
882 913 1091 976 rapinis2
1121 920 1166 961 et
1200 913 1512 961 occisionibus

101 989 379 1045 commissis,
415 990 523 1053 quia
558 990 836 1037 estimabant
873 990 1114 1053 Ciprianos
1146 990 1289 1038 fuisse
1324 1006 1512 1038 causam

101 1066 309 1129 predicte
333 1067 475 1123 necis,
512 1066 721 1113 tamdem
756 1072 982 1130 ceperunt
1008 1067 1175 1114 urbem
1210 1070 1512 1131 Famagusta-

102 1160 317 1200 nensem,
357 1150 467 1192 tunc
504 1145 603 1208 regi
639 1143 764 1208 Cipri
800 1143 1136 1207 pertinentem,
1176 1159 1318 1206 quam
1353 1148 1511 1189 tenent

101 1236 249 1284 usque
267 1220 312 1267 in
334 1221 612 1268 hodiernum
633 1220 802 1268 diemss.
822 1223 1056 1284 Ceperunt
1073 1236 1275 1283 namque
1287 1219 1512 1268 Jacobum

101 1296 160 1343 de
179 1296 442 1361 Lizigneyo,
463 1298 743 1345 avunculum
764 1297 871 1345 dicti
900 1297 1041 1362 regis,
1062 1297 1312 1344 traditione
1336 1296 1512 1360 Cipria-

99 1389 284 1430 norum,
314 1380 360 1420 et
385 1374 649 1422 aduxerunt
673 1391 781 1422 eum
808 1375 1019 1423 Janniam
1038 1380 1084 1421 et
1109 1380 1367 1437 posuerunt
1395 1389 1506 1421 eum

100 1449 146 1496 in
178 1455 309 1497 turre
344 1467 436 1513 que
467 1455 695 1499 Lanterna
729 1452 914 1508 dicitur,
953 1450 1031 1498 ubi
1065 1457 1248 1514 septem
1282 1466 1512 1497 annorum

102 1527 259 1590 spacio
294 1528 578 1591 permansit;
616 1527 808 1584 deinde,
846 1533 1034 1575 mortuo
1073 1544 1184 1592 rege
1220 1527 1369 1590 Cipri,
1409 1527 1513 1573 loco

99 1602 197 1667 ejus
212 1607 483 1661 Jannenses,
505 1605 701 1652 liberato
720 1605 892 1653 Jacobo
911 1604 1141 1668 predicto,
1163 1609 1512 1651 coronaverunt

101 1696 208 1727 eum
243 1681 290 1728 in
322 1683 512 1746 regem4
547 1700 555 1729 :
590 1682 661 1730 cui
695 1682 915 1730 successit
940 1681 1060 1728 filius
1094 1683 1252 1737 suus5,
1284 1697 1342 1727 ex
1374 1685 1513 1743 nepte

101 1756 278 1804 domini
321 1758 515 1805 Othonis
556 1758 901 1815 Briswicensis,
943 1757 1035 1804 filia
1078 1757 1235 1805 fratris
1279 1756 1508 1821 ejusdem,

101 1833 246 1882 silicet
271 1835 447 1882 domini
472 1835 670 1900 Philippi
696 1834 1038 1883 Briswicensis.

149 1960 182 1994 1.
205 1958 262 1994 Cf.
286 1959 328 1995 L.
351 1958 396 1995 de
417 1959 501 1995 Mas
521 1959 650 1996 Latrie
668 1960 839 2005 (Histoire
859 1961 900 1994 de
922 1959 995 1994 l'z‘le
1015 1960 1056 1994 de
1079 1959 1231 2003 Chypre,
1250 1962 1283 1995 t.
1298 1956 1351 2003 ΙΙ,
1373 1968 1409 2003 p.
1427 1956 1510 2004 353,

101 2023 191 2054 note
211 2018 261 2064 6),
283 2018 348 2066 qui
369 2018 554 2055 confirme
582 2018 618 2054 la
643 2019 853 2065 pre'se'ance
880 2017 946 2054 des
968 2017 1112 2053 Genois
1141 2027 1207 2052 sur
1227 2015 1283 2052 les
1304 2015 1511 2052 'Venitiens

101 2087 151 2113 en
171 2076 336 2125 Chypre.

147 2135 182 2171 2.
205 2135 256 2170 M.
279 2136 322 2171 L.
345 2135 391 2171 de
412 2135 494 2171 Mas
516 2135 645 2171 Latrie
669 2136 736 2181 (op.
758 2137 836 2177 cit„
859 2140 887 2170 t.
911 2133 962 2180 11,
984 2145 1020 2181 p.
1044 2133 1126 2179 361,
1148 2137 1237 2169 note
1262 2133 1294 2179 1)
1316 2143 1338 2168 a
1357 2133 1511 2169 montre

102 2205 174 2242 que
196 2193 440 2241 l’expe‘dition
468 2193 513 2229 de
534 2193 685 2241 Chypre
713 2193 882 2230 enrichit
903 2192 1067 2228 l’amiral
1088 2191 1221 2239 genois
1248 2190 1510 2238 Campo-Fre-

103 2264 194 2301 goso
217 2261 253 2289 et
274 2264 317 2289 sa
337 2253 496 2290 famille.

150 2313 183 2349 3.
205 2313 464 2360 Famagouste
485 2313 541 2349 fut
562 2313 639 2360 pris
662 2313 695 2349 le
720 2313 761 2349 10
782 2318 858 2348 oct.
884 2311 973 2348 1373
989 2316 1026 2347 et
1048 2317 1151 2347 resta
1171 2312 1258 2358 pres
1274 2310 1319 2346 de
1336 2315 1425 2347 cent
1440 2322 1509 2347 ans

102 2376 212 2406 entre
227 2371 282 2406 les
296 2371 423 2406 mains
439 2371 484 2407 de
500 2382 560 2406 ses
578 2382 783 2407 nouveaux
804 2370 976 2405 maitreS.
1003 2369 1055 2404 La
1076 2370 1182 2405 flotte
1205 2369 1361 2416 genoise
1378 2380 1509 2415 comp-

102 2429 172 2465 tait
186 2435 373 2477 quarante
389 2431 538 2476 galeres
554 2431 704 2466 armees
725 2435 761 2466 et
776 2429 969 2476 plusieurs
989 2428 1129 2474 grands
1145 2428 1313 2470 navires,
1336 2428 1441 2463 enfin
1456 2439 1509 2463 un

103 2489 331 2535 contingent
352 2489 479 2525 fourni
500 2500 568 2536 par
590 2489 744 2525 Savone
763 2489 817 2534 (L.
834 2488 879 2524 de
901 2488 984 2523 Mas
1006 2487 1150 2533 Latrie,
1167 2499 1222 2533 op.
1239 2490 1315 2530 cit„
1339 2487 1390 2533 II,
1413 2486 1506 2531 360).

148 2548 181 2582 4.
202 2547 369 2594 Jacques
390 2547 435 2584 de
456 2548 656 2595 Lusignan
677 2548 770 2583 etait
798 2553 909 2593 otage
932 2546 953 2581 a
975 2547 1104 2582 Genes
1133 2546 1263 2594 quand
1284 2557 1354 2582 son
1382 2556 1508 2581 neveu

103 2605 235 2641 Pierre
255 2605 293 2641 H
313 2612 469 2641 mourut
492 2606 545 2651 (17
567 2606 723 2642 octobre
746 2605 861 2651 1382).
885 2604 918 2640 Il
939 2604 995 2640 fut
1009 2606 1207 2641 couronne
1222 2604 1279 2641 roi
1293 2604 1338 2640 de
1355 2604 1508 2651 Chypre

103 2675 153 2702 en
174 2664 278 2702 1384.

150 2725 183 2760 5.
208 2723 405 2770 D’Agnces,
421 2723 496 2760 fille
511 2724 562 2760 du
581 2724 654 2762 duc
669 2724 714 2761 de
729 2723 915 2771 Baviere‚
930 2724 956 2760 il
976 2729 1056 2771 eut,
1071 2729 1181 2761 entre
1196 2729 1326 2760 autres
1340 2722 1507 2768 enfants,

102 2783 217 2831 Jean,
239 2783 304 2830 qui
324 2782 377 2819 lui
399 2783 564 2821 succeda
583 2795 633 2820 en
655 2784 759 2821 1398.

246 2847 276 2878 11
1320 2841 1363 2878 20
