1923 3358
75 287 178 332 1340]
349 289 719 322 GHRONOGRAPHIA
746 289 898 322 REGUM
923 288 1200 321 FRANCORUM.
1409 284 1472 320 113

72 370 199 433 quod
220 370 316 434 jam
335 371 501 418 armati
522 371 691 418 vellent
711 371 839 418 exire
859 371 918 418 ad
938 370 1266 418 debellandum
1285 369 1469 417 ducem.

132 447 214 494 Die
245 449 457 510 sequenti
483 448 595 504 dux,
632 464 739 495 cum
772 465 857 495 suo
885 447 1093 495 exercitu
1117 447 1341 494 instancia
1366 463 1475 510 pre-

69 539 176 570 cum
206 523 346 571 amite
379 541 460 572 sue
492 523 740 578 recedens,
774 529 919 570 totam
952 524 1150 587 patriam
1188 522 1475 572 devastando

68 599 196 646 venit
229 617 391 648 versus
425 600 824 656 Cameracesium,
858 599 971 646 dum
1007 606 1162 647 autem
1200 607 1323 649 esset
1355 601 1476 648 inter

68 682 307 742 Happram
326 683 372 724 et
390 679 707 732 Cameracum,
726 668 892 740 magna
911 676 1055 723 fames
1074 683 1175 723 orta
1192 677 1322 724 estin
1342 693 1476 724 exer-

67 755 160 802 citu
200 771 308 811 suc,
348 753 567 817 quoniam
598 753 661 800 illi
693 753 751 800 de
778 754 938 801 Thuno
971 753 1214 817 Episcopi,
1251 753 1476 801 d’Escau-

67 831 259 879 doeuvre
282 836 328 878 et
359 830 417 878 de
442 830 675 878 Bouchain
707 830 916 878 exierant
945 835 991 877 et
1024 836 1277 893 rapuerant
1301 831 1476 878 victua-

66 907 124 955 lia
147 924 239 970 que
258 906 528 954 ferebantur
547 907 593 953 in
615 907 850 963 exercitu,
871 913 1129 970 captusque
1150 913 1221 953 est
1241 908 1475 955 Gerardus

66 983 124 1031 de
151 984 314 1032 Stratis
340 984 472 1031 miles
497 990 544 1031 et
570 985 649 1047 qui
676 1001 783 1032 cum
811 1001 866 1031 eo
898 990 1030 1031 erant
1063 983 1219 1040 occisi,
1254 984 1333 1047 qui
1366 1001 1476 1031 con-

65 1060 417 1108 ducebantvina
435 1061 686 1118 exercitus,
707 1078 734 1107 a
753 1061 960 1109 Gerardo
981 1061 1038 1108 de
1060 1061 1330 1125 Sapegnies,
1351 1061 1476 1124 capi-

64 1144 201 1186 taneo
233 1137 630 1185 d’Escaucloeuvre
662 1145 707 1186 et
736 1138 949 1185 soldariis
981 1138 1061 1201 qui
1093 1155 1200 1186 cum
1231 1155 1287 1186 eo
1323 1145 1471 1196 erant,

66 1214 145 1277 qui
180 1220 292 1262 tunc
322 1214 531 1261 fecerunt
563 1214 881 1278 provisionem
912 1215 1218 1263 sufficientem
1244 1232 1333 1279 pro
1360 1215 1476 1262 duo-

65 1291 154 1340 bus
180 1291 312 1339 annis
336 1292 411 1339 vel
438 1292 654 1355 amplius.

132 1372 292 1433 Itaque
325 1386 431 1416 cum
464 1369 695 1432 equitaret
726 1369 846 1427 dux,
882 1375 1068 1417 ostensa
1103 1375 1211 1417 sunt
1245 1369 1287 1416 ei
1325 1375 1477 1417 castra

64 1446 156 1504 illa,
187 1447 245 1494 de
276 1447 446 1509 quibus
480 1447 795 1509 querimonias
829 1447 1078 1511 episcopus
1110 1446 1472 1503 Cameracensis,

63 1541 119 1571 eo
145 1529 380 1587 presente,
403 1524 576 1571 fecerat
601 1524 717 1588 regi,
742 1524 863 1586 patri
891 1541 1005 1580 suo;
1035 1530 1081 1571 et
1101 1524 1292 1571 veniens
1320 1539 1472 1586 prope

64 1606 269 1647 castrum
312 1600 369 1648 de
407 1600 567 1647 Thuno
612 1599 852 1663 Episcopi,
899 1599 1015 1646 vidit
1061 1599 1267 1662 quinque
1308 1599 1477 1646 vexilla

65 1682 216 1724 erecta
244 1694 252 1722 :
278 1675 484 1739 primum
509 1680 610 1722 erat
634 1675 757 1739 regis
777 1675 956 1740 Anglie‚
980 1675 1239 1723 secundum
1259 1674 1476 1724 Richardi

64 1753 123 1801 de
154 1753 449 1802 Lemovicino
483 1752 734 1816 capitanei,
770 1753 969 1800 tercium
1001 1752 1227 1800 Guillelmi
1260 1753 1318 1801 de
1350 1755 1477 1799 Mon-

63 1837 270 1887 teacuto,
308 1838 528 1894 quartum
559 1831 833 1878 Theodorici
871 1830 928 1877 de
965 1831 1224 1895 Magniaco,
1262 1832 1475 1893 quintum

64 1907 273 1955 bastardi
296 1909 400 1956 Rufi
425 1907 603 1956 domini
630 1907 687 1955 de
714 1907 1028 1955 Falcomonte.

128 1988 232 2033 Dux
257 2002 444 2048 quoque
470 1985 654 2032 intuens
677 1985 788 2032 illud
811 1990 1015 2033 castrum
1041 1990 1087 2031 et
1105 1984 1472 2041 Escaudoeuvre,

61 2060 234 2125 juravit
273 2060 400 2123 quod
438 2077 677 2124 nunquam
714 2060 956 2108 recederet
994 2060 1051 2107 de
1087 2059 1472 2116 Cammeracesio‚

65 2137 215 2185 donec
240 2137 313 2184 illa
341 2137 663 2185 subicerentur
689 2137 832 2194 sibi13
867 2137 1229 2201 ingrediensque
1261 2138 1475 2184 Camera-

66 2230 190 2270 cum,
215 2212 472 2260 honorifice
498 2219 744 2277 susceptus
771 2219 842 2261 est
869 2231 894 2260 a
926 2213 1051 2259 clero
1084 2217 1129 2259 et
1162 2211 1474 2276 burgensibus

66 2377 111 2413 de
141 2378 178 2413 la
203 2381 311 2424 porte
338 2376 384 2413 de
411 2376 591 2413 Cambrai
620 2377 641 2413 ὲ,
661 2377 953 2414 Valenciennes
980 2382 1017 2413 et
1043 2377 1134 2424 qu’il
1160 2377 1347 2425 empecha
1367 2382 1474 2414 toute

67 2437 182 2474 sortie
205 2436 422 2484 (Froissart‚
445 2436 502 2472 ed.
527 2437 644 2482 Luce,
666 2442 692 2473 t.
715 2437 767 2482 11,
788 2449 824 2484 p.
849 2439 898 2479 x).

116 2497 150 2532 4.
174 2495 286 2532 Voici
307 2506 382 2531 une
405 2495 580 2532 mention
602 2496 762 2532 relative
784 2507 831 2531 au
854 2495 1103 2532 mandement
1122 2496 1188 2533 des
1208 2501 1364 2543 troupes
1386 2507 1474 2532 con-

66 2556 234 2603 voquees
254 2566 350 2601 pour
371 2565 414 2590 cc
437 2554 540 2601 siege
566 2568 572 2590 :
593 2569 608 2587 «
630 2555 734 2591 Pour
761 2556 899 2592 lettres·
914 2557 1093 2592 envoiees
1114 2556 1216 2592 asdiz
1238 2556 1390 2592 viconte
1416 2555 1474 2602 [dc

70 2626 86 2649 «
108 2614 246 2651 ladicte
268 2613 396 2650 baillie
417 2613 462 2649 de
484 2613 600 2660 Caen]
626 2625 720 2660 pour
739 2614 835 2650 faire
854 2615 952 2651 crier
966 2627 1038 2662 que
1053 2621 1140 2651 touz
1156 2615 1289 2652 nobles
1305 2615 1475 2650 alassent

71 2687 86 2708 α
108 2673 315 2721 pardevers
340 2672 618 2719 monseigneur
639 2673 672 2708 le
703 2672 776 2710 duc
805 2673 826 2709 a
853 2674 1170 2712 Escaudeuvre...
1195 2689 1209 2708 >³
1235 2674 1348 2719 (Bibl.
1378 2678 1474 2720 nat.,

71 2733 180 2771 fonds
204 2733 324 2780 franc.
348 2732 478 2778 25996,
502 2732 610 2779 piece
631 2732 728 2780 235.)

213 2801 245 2833 11
1314 2800 1335 2834 8
