1923 3358
384 252 447 288 1144
655 251 1024 285 CHRONOGRAPHIA
1052 250 1204 282 REGUM
1230 248 1508 282 FRANGORUM.
1679 246 1784 293 [1340

382 333 614 380 civitatem
651 345 867 393 agressus
905 333 998 382 est,
1034 326 1358 388 diuturnisque
1397 326 1645 375 assultibus
1682 343 1784 374 ean]

383 405 686 471 impugnavit.
712 403 933 451 Tamdem
963 403 1066 467 (sie)
1094 419 1206 449 vero
1233 403 1465 452 exercitus
1488 403 1786 466 Anglicorum

379 500 621 549 regressus
653 488 724 530 est
749 481 807 529 ad
838 481 1037 528 tentoria
1067 497 1166 538 sua,
1196 486 1304 543 post
1329 496 1545 544 magnam
1577 480 1786 543 ipsorum

379 560 659 608 occisionem
684 565 729 606 et
755 558 1018 622 specialiter
1042 557 1407 622 Flamingorum.
1437 557 1653 621 Regressi
1680 564 1787 605 sunt

378 637 440 684 illi
472 636 529 684 de
567 635 750 683 civitate
789 635 1110 698 unusquisque
1146 633 1205 682 ad
1244 633 1450 698 hospicia
1488 650 1594 691 sua,
1628 639 1787 697 preter

377 714 479 761 illos
506 713 583 776 qui
609 729 765 760 muros
790 711 1120 760 observabant.

441 794 529 838 Per
560 789 684 837 idem
720 795 929 852 tempus,
972 787 1369 836 conestabularius
1406 787 1588 835 locutus
1625 793 1695 835 est
1728 787 1786 834 ad

377 866 633 931 burgenses
671 866 717 913 in
752 866 878 922 falla,
913 866 1164 913 ostendens
1202 864 1401 928 qualiter
1437 864 1625 912 soldarii
1662 864 1787 928 regis

377 946 497 993 fame
522 945 893 1009 premerentur¹‚
919 950 1058 1007 atque
1084 944 1267 1007 rogavit
1293 960 1372 989 eos
1396 948 1446 990 ut
1470 941 1787 1008 consentirent

377 1023 554 1085 aliquos
589 1022 647 1069 de
685 1020 800 1085 ipsis
837 1022 963 1068 exire
995 1021 1052 1068 ad
1086 1019 1359 1068 lucrandum
1394 1019 1608 1066 victualia
1645 1035 1786 1082 super

376 1099 533 1146 hostes
565 1105 610 1146 et
641 1098 767 1162 quod
807 1098 1065 1162 panderent
1096 1097 1163 1144 eis
1194 1103 1356 1160 portas
1391 1112 1478 1160 pro
1517 1112 1710 1160 egressu
1741 1100 1787 1141 et

376 1193 611 1241 regressu.
642 1179 741 1233 Quo
773 1192 1011 1231 concesso,
1043 1178 1207 1222 Petrus
1238 1174 1296 1221 de
1321 1173 1628 1229 Roussillone,
1654 1172 1786 1236 jussu

377 1253 756 1308 conestabularii,
792 1252 990 1315 sumptis
1026 1257 1211 1298 centum
1243 1249 1476 1297 nobilibus
1508 1266 1615 1297 cum
1645 1248 1787 1296 armis

376 1337 422 1378 et
448 1331 595 1393 equis,
620 1329 762 1376 exivit
785 1329 844 1376 de
871 1329 1055 1375 civitate
1083 1345 1167 1391 per
1192 1333 1378 1391 portam
1406 1326 1559 1374 Sancti
1585 1326 1782 1382 Martini,

375 1407 453 1454 ubi
487 1407 744 1470 burgenses
775 1412 962 1469 portam
994 1405 1273 1469 aperientes,
1304 1404 1606 1468 injunxerunt
1631 1402 1697 1450 eis
1729 1419 1786 1450 ne

375 1501 461 1547 per
481 1484 544 1531 ibi
571 1489 938 1540 reverterentur,
968 1482 1050 1531 sed
1078 1499 1161 1546 per
1187 1488 1371 1546 portam
1398 1481 1552 1529 Sancti
1577 1480 1715 1528 Marci
1740 1486 1785 1527 et

374 1560 499 1608 illam
525 1567 736 1624 apertam
763 1560 1041 1624 reperirent.

440 1638 675 1684 Abeuntes
712 1654 913 1699 namque
945 1653 1031 1699 per
1063 1641 1196 1699 prata
1228 1651 1392 1683 versus
1427 1634 1780 1698 leprosoriam2,

377 1719 692 1776 pervenerunt
715 1730 863 1776 prope
891 1713 1014 1760 illam
1034 1719 1217 1775 partem
1239 1712 1316 1759 ubi
1337 1719 1468 1759 erant
1487 1711 1622 1758 locati
1643 1710 1785 1758 auda—

375 1790 524 1837 ciores
559 1790 701 1837 totius
733 1790 981 1846 exercitus,
1012 1789 1185 1836 scilieet
1217 1789 1466 1852 episcopus
1498 1787 1786 1835 Lincolnien-

375 1867 459 1923 sis,
502 1867 712 1915 Galterus
752 1867 810 1914 cle
844 1866 1101 1931 Magniaco‚
1142 1865 1399 1914 Richardus
1437 1865 1495 1912 de
1529 1864 1781 1920 Limosino,

373 1944 543 1991 Alanus
576 1944 633 1991 de
663 1943 923 2007 Syrehonde
957 1949 1002 1990 et
1028 1942 1249 2007 sagittarii
1276 1941 1454 2006 Anglie.
1486 1943 1599 1989 Cum
1632 1940 1783 1988 dictus

373 2021 621 2084 episcopus
648 2021 693 2067 in
720 2037 880 2068 mensa
906 2020 1091 2067 sederet
1112 2019 1348 2075 indubius,
1373 2015 1537 2066 Petrus
1558 2018 1616 2065 de
1635 2020 1784 2066 Rous-

374 2099 516 2145 silone
542 2115 648 2145 curn
675 2115 796 2160 equo
819 2105 863 2145 et
884 2098 1040 2144 lancea
1059 2097 1106 2143 in
1133 2113 1290 2153 manu,
1316 2096 1506 2143 intravit
1525 2094 1781 2142 tentorium

373 2175 489 2238 ejus,
520 2175 818 2239 dirigensque
850 2176 1055 2222 lanceam
1083 2180 1245 2221 contra
1271 2189 1396 2229 eum,
1426 2172 1615 2235 quidam
1643 2171 1782 2219 scuti-

374 2250 443 2297 fer
469 2251 673 2315 episcopi
703 2252 857 2315 posuit
878 2269 927 2299 se
952 2257 1116 2299 contra
1142 2250 1385 2298 dominum
1411 2266 1548 2297 suum
1573 2255 1619 2296 et
1639 2266 1664 2295 a
1684 2248 1782 2295 lan-

423 2435 455 2468 Ι1.
479 2432 715 2479 Gependant,
744 2435 830 2479 pres
857 2433 901 2469 de
930 2433 993 2468 dix
1020 2432 1124 2467 mille
1151 2432 1322 2467 bouches
1353 2430 1510 2466 inutiles
1543 2428 1697 2465 avaient
1730 2439 1778 2475 pu

375 2491 490 2527 sortir
510 2491 553 2526 de
576 2491 611 2525 lu
632 2491 719 2526 villo
742 2502 808 2537 par
829 2493 864 2527 la
891 2498 996 2538 porte
1024 2490 1328 2538 qu'investissait
1354 2491 1387 2525 le
1415 2489 1488 2526 duc
1516 2488 1561 2524 de
1582 2487 1777 2531 Brabant3

375 2549 534 2585 colui-ci
557 2549 608 2584 les
638 2548 753 2584 laissa
779 2561 910 2595 passer
931 2557 966 2585 et
994 2550 1076 2586 leur
1097 2549 1227 2586 donna
1252 2549 1379 2585 meme
1407 2559 1483 2584 une
1510 2552 1659 2583 escorte
1685 2556 1780 2592 pour

375 2607 429 2642 les
451 2606 636 2643 conduire
654 2606 805 2653 jusqu'ii
827 2608 966 2644 Douai.

422 2667 456 2702 72.
482 2669 581 2703 sans
615 2666 728 2702 doute
764 2667 798 2701 la
831 2667 1035 2713 leproserie
1068 2668 1113 2704 ‹le
1142 2667 1578 2712 Vaulx-les-Tournay,
1607 2663 1726 2698 situee
1757 2663 1776 2697 ξι

378 2725 539 2761 environ
563 2730 696 2771 quatre
719 2724 940 2761 kilonietres
961 2726 1004 2760 do
1027 2727 1220 2773 Tournay.
