1923 3358
285 325 388 372 1380]
568 329 938 363 CHRONOGRAPHIA
964 330 1118 363 REGUM
1143 328 1422 362 FRANGORUM.
1616 323 1682 359 395

281 425 334 456 ac
365 409 620 457 astantibus
654 409 847 457 notariis
881 414 1078 473 propter
1117 410 1206 457 hoc
1245 408 1467 465 evocatis,
1511 406 1683 454 instru-

281 492 492 535 mentum
517 503 660 550 super
685 488 773 535 hoc
793 485 1082 551 requisivit1.

345 564 428 611 Hic
454 564 512 612 de
538 564 716 628 regina,
748 581 896 612 uxore
926 581 1026 621 sua,
1056 563 1229 611 scilicet
1252 562 1462 612 Johanna
1485 561 1544 610 de
1569 565 1684 610 Bor-

280 639 420 687 bonio
452 640 639 703 reliquit
664 640 783 688 duos
814 640 949 697 filios,
983 639 1199 687 videlicet
1224 639 1476 688 Karolum2
1506 637 1686 702 delphi-

280 733 392 764 num
411 716 705 773 vienensem,
733 723 845 765 tunc
870 733 1099 765 annorum
1123 716 1259 781 xijffim,
1284 722 1331 764 et
1350 716 1682 771 Ludovicum3,

281 793 501 841 comitem
527 794 585 841 de
611 794 810 851 Valesio,
844 810 1075 841 annorum
1101 800 1224 851 octo,
1258 798 1305 840 et
1336 792 1519 849 unicam
1546 791 1688 839 filiam

281 869 470 917 nomine
510 870 838 928 Katherinaln3
883 870 1185 934 sepultusque
1228 876 1300 918 est
1337 885 1444 917 cum
1485 868 1688 916 maxima

281 946 680 1004 honorificensia⁴,
707 948 1066 995 lamentantibus
1085 947 1189 994 filiis
1214 952 1262 994 et
1286 946 1508 994 fratribus
1529 945 1624 992 suis
1642 950 1688 992 et

282 1023 397 1081 aliis,
423 1024 470 1071 in
497 1024 688 1072 ecclesia
715 1025 986 1073 monasterii
1005 1024 1157 1073 Sancti
1185 1023 1375 1072 Dionisii
1402 1023 1448 1070 in
1477 1022 1684 1077 Francia,

281 1117 387 1148 curn
416 1101 516 1148 aliis
541 1101 748 1166 regibus,
781 1102 876 1149 suis
901 1101 1331 1165 predecessoribus,
1368 1106 1414 1148 et
1440 1099 1620 1164 positus
1643 1099 1688 1145 in

281 1194 363 1225 sua
389 1177 601 1241 predicta
627 1178 867 1242 sepultura
893 1195 1036 1242 quam
1063 1178 1152 1226 sibi
1172 1178 1556 1241 preparaverat?

346 1254 656 1318 Temporibus
687 1255 818 1319 cujus
848 1255 973 1320 regis
1003 1254 1207 1318 quedam
1239 1270 1462 1318 perversa
1495 1269 1691 1301 consue-

281 1390 340 1424 des
361 1390 611 1425 ordonnances
625 1391 683 1425 des
703 1391 777 1425 ‘roz‘s
792 1391 833 1425 de
847 1391 994 1434 France,
1013 1394 1040 1425 t.
1058 1389 1147 1435 VII,
1163 1400 1199 1436 p.
1218 1389 1314 1429 710).
1338 1388 1484 1435 Malgre
1505 1387 1691 1435 l’opinion

283 1447 330 1483 de
357 1448 408 1484 M.
431 1447 616 1484 Haureau
646 1449 796 1493 (Notices
821 1453 854 1484 et
879 1451 1032 1485 extraits
1061 1450 1103 1484 de
1131 1451 1300 1494 quelques
1326 1449 1551 1483 manuscrits
1579 1449 1692 1483 latins

283 1508 325 1542 de
346 1509 382 1542 la
402 1508 648 1552 Bibliotheque
668 1509 867 1550 nationale,
891 1513 919 1544 t.
941 1507 973 1555 Ι,
989 1519 1025 1554 p.
1043 1507 1122 1553 349)
1139 1507 1204 1554 qui
1223 1517 1343 1554 pense
1359 1511 1491 1543 contre
1507 1505 1559 1542 M.
1575 1505 1693 1542 Louis

283 1565 399 1602 Finot
420 1567 681 1612 (Bibliotheque
700 1568 742 1602 de
764 1558 890 1602 l'Ecole
910 1567 968 1602 des
988 1568 1141 1609 chartas,
1166 1567 1293 1602 annee
1321 1565 1426 1611 1889,
1449 1570 1477 1601 t.
1500 1565 1546 1610 L,
1566 1576 1602 1611 p.
1627 1564 1693 1600 164

284 1622 307 1658 ὲ.
328 1624 408 1669 167,
434 1626 479 1660 La
499 1626 666 1660 dernz'ere
686 1625 919 1660 ordonnance
938 1625 980 1660 de
1001 1624 1147 1660 Charles
1168 1625 1202 1667 V)
1225 1634 1298 1671 que
1321 1629 1422 1660 cette
1443 1622 1693 1660 ordonnance

284 1683 378 1719 etait
398 1682 603 1719 demeuree
626 1683 788 1730 secrete,
806 1683 844 1730 je
860 1683 960 1719 crois
974 1693 1048 1731 que
1062 1683 1100 1719 la
1119 1682 1428 1719 demonstration
1442 1681 1488 1718 de
1510 1682 1561 1717 M.
1580 1681 1694 1717 Finot

283 1745 341 1777 est
362 1741 609 1778 concluante.

331 1802 364 1837 1.
386 1801 441 1837 Le
461 1800 669 1838 document
690 1800 818 1848 public
838 1812 908 1848 par
927 1801 979 1838 M.
997 1800 1130 1837 Valois
1151 1805 1304 1837 montre
1322 1800 1344 1836 a
1358 1800 1446 1848 quel
1460 1799 1568 1847 point
1582 1804 1694 1836 notre

281 1859 496 1907 chronique
518 1864 576 1896 est
598 1865 735 1896 exacte
756 1865 794 1896 et
814 1859 976 1907 precise.

330 1918 364 1954 2.
388 1918 549 1955 Chai-les
569 1918 627 1954 VI
647 1919 783 1966 naquit
804 1919 838 1954 le
860 1919 879 1955 3
901 1918 1105 1955 decembre
1127 1918 1232 1954 1368.

331 1977 364 2014 3.
387 1977 446 2013 Ne
467 1977 502 2013 le
524 1977 565 2013 13
587 1988 692 2013 mars
714 1977 819 2024 1372,
841 1978 958 2013 Louis
979 1977 1083 2013 avait
1104 1977 1189 2013 huit
1211 1988 1280 2013 ans
1302 1982 1339 2013 et
1360 1976 1476 2013 demi.

331 2036 366 2072 4.
389 2036 443 2071 Le
464 2035 581 2071 detail
601 2035 646 2071 de
667 2035 1010 2072 l’embaumement
1030 2035 1075 2070 de
1100 2034 1260 2071 Chai-les
1280 2035 1316 2070 V
1340 2047 1362 2072 a
1389 2036 1447 2071 ete
1474 2034 1602 2082 publie
1628 2046 1695 2081 par

284 2094 329 2129 B.
354 2093 543 2140 Guerard,
565 2093 660 2129 dans
685 2094 905 2130 l'Annuaire
932 2095 1132 2138 historz'que
1155 2105 1250 2139 pour
1274 2097 1415 2130 l'annee
1440 2094 1545 2137 1845,
1575 2094 1701 2139 publici

283 2164 354 2199 par
381 2155 417 2188 la
443 2153 577 2189 Societe
602 2154 643 2188 de
670 2152 855 2189 l'Hz‘stoire
880 2153 921 2188 de
947 2154 1098 2197 France,
1126 2164 1161 2199 p.
1190 2152 1255 2189 196
1281 2154 1303 2189 ὲ.
1330 2153 1412 2198 198,
1444 2152 1591 2199 d'apres
1618 2162 1695 2187 une

284 2212 391 2259 piece
413 2211 558 2248 classee
581 2211 823 2258 aujourd'hui
843 2211 940 2247 dans
966 2211 1001 2247 le
1028 2211 1138 2247 fonds
1165 2211 1261 2247 latin
1288 2211 1333 2247 de
1360 2211 1397 2247 la
1423 2211 1695 2258 Bibliotheque

286 2270 497 2317 nationale,
519 2274 562 2305 n⁰
584 2269 690 2314 9015,
713 2269 776 2306 fol.
801 2269 858 2305 43.

335 2331 367 2365 5.
390 2329 701 2365 L'enterrement
733 2329 781 2365 du
815 2328 870 2365 roi
902 2328 924 2364 a
958 2328 1221 2365 Saint-Denis
1255 2340 1295 2365 se
1322 2329 1364 2365 fit
1393 2329 1428 2365 le
1454 2328 1498 2366 26
1527 2333 1694 2376 septem-

284 2388 351 2424 bre
375 2388 476 2424 1380.
500 2389 575 2424 Les
595 2388 793 2424 entrailles
815 2388 943 2423 furent
963 2388 1114 2434 portees
1136 2387 1158 2423 a
1184 2388 1451 2434 Maubuisson,
1473 2393 1511 2424 et
1531 2388 1566 2423 le
1587 2399 1696 2424 cceur

285 2447 308 2482 ἐι
328 2447 481 2492 Rouen,
504 2449 552 2483 ou
574 2446 733 2483 Charles
749 2447 785 2482 V
801 2446 904 2482 avait
925 2446 992 2481 fait
1013 2446 1229 2483 construire
1250 2446 1384 2494 depuis
1404 2447 1622 2494 longtemps
1642 2458 1696 2482 un

284 2511 516 2541 monument
537 2512 642 2542 etun
664 2516 822 2542 cavean.
840 2506 914 2541 Les
933 2504 1059 2541 debris
1079 2505 1129 2541 du
1151 2516 1257 2541 coeur
1277 2506 1406 2542 furent
1427 2507 1626 2542 retrouves
1647 2517 1696 2542 en

288 2564 377 2601 1862
397 2564 493 2600 dans
514 2564 580 2600 des
602 2565 753 2601 fouilles
768 2565 975 2600 executees
991 2575 1080 2600 sous
1096 2565 1132 2600 la
1146 2564 1335 2601 direction
1351 2564 1396 2600 de
1412 2564 1535 2601 l’abbe
1552 2564 1696 2601 Cochet

286 2623 309 2659 ὲ,
329 2623 365 2659 la
386 2623 606 2660 cathedrale
626 2624 672 2660 de
695 2624 833 2660 Rouen
857 2624 1091 2668 (De‘couverte,
1116 2627 1418 2660 reconnaissance
1438 2628 1469 2659 et
1496 2625 1697 2669 deposition

286 2684 336 2718 clu
359 2694 456 2718 coeur
480 2685 530 2718 du
558 2686 615 2718 roi
642 2684 789 2720 Charles
818 2684 842 2718 V
858 2684 951 2718 dans
979 2686 1016 2719 la
1042 2685 1248 2720 cathedrale
1273 2685 1314 2719 de
1341 2686 1462 2721 Rauen
1488 2695 1533 2719 en
1559 2686 1638 2719 mai
1663 2688 1696 2719 et

279 2745 373 2787 juin
393 2742 499 2787 1862,
520 2753 589 2789 par
610 2742 732 2779 l'abbe
753 2742 923 2787 Cochet).
