1923 3358
374 239 441 276 1⁶22
644 237 1018 272 CHRONOGRAPHIA
1044 237 1198 269 REGUM
1223 235 1502 269 FRANCORUM.
1672 233 1778 280 [1340

376 341 396 366 (ι
426 322 571 370 solem
593 326 638 367 et
661 334 780 381 aque
806 318 986 364 fluxum
1012 317 1185 364 habent
1209 333 1298 381 pro
1324 333 1390 374 se,
1419 316 1468 363 in
1490 322 1668 365 tantum
1693 334 1779 366 vos

376 418 396 443 «
427 397 703 446 coartabunt
727 394 853 458 quod
881 394 1070 441 minime
1090 411 1176 441 vos
1202 394 1415 457 poteritis
1437 393 1620 458 juvare.
1648 414 1669 440 1>

435 479 678 528 Nicholaus
699 483 854 525 autem
871 477 1138 534 Baliucheti,
1158 477 1238 540 qui
1256 476 1422 524 melius
1442 476 1617 523 sciebat
1636 493 1780 524 unum

371 564 643 621 compotum
682 572 823 619 quam
860 572 1054 620 guerras
1094 555 1298 603 marinas
1331 555 1508 611 facere,
1537 555 1781 619 respondit

370 636 410 682 ei
435 653 443 681 :
474 653 494 678 «
520 632 818 681 Hesibundus
843 633 968 680 enim
994 632 1053 680 sit
1080 633 1158 696 qui
1185 632 1374 680 recedet
1400 631 1458 679 ab
1484 631 1591 679 hinc
1616 638 1662 679 et
1687 649 1780 680 non

373 731 392 756 «
428 710 700 775 prestolabit
739 715 960 757 eventum
995 709 1120 757 belli.
1161 729 1180 754 »
1214 713 1270 757 Et
1304 708 1583 757 Barbavaria
1615 708 1734 756 dixit
1766 727 1775 755 :

373 809 392 833 «
423 793 492 837 Ex
518 805 613 852 quo
639 788 778 835 michi
805 789 1102 852 acquiescere
1128 788 1338 844 renuitis,
1367 793 1590 850 tanquam
1618 787 1781 835 nolens

375 887 394 911 «
426 866 598 930 perire,
624 883 731 914 cum
751 866 847 930 iiij⁰r
865 866 981 913 meis
999 866 1143 930 galeis
1163 865 1221 912 ab
1239 865 1327 912 hoc
1345 864 1558 912 districtu
1575 864 1732 912 exibo.
1756 883 1776 909 1>

368 948 422 992 Et
449 943 511 990 ita
536 943 761 990 recedens
788 943 846 990 de
870 943 948 989 illo
975 943 1078 989 loco
1104 943 1206 1006 ipse
1239 949 1286 989 et
1318 942 1389 990 sui
1415 942 1635 990 viderunt
1666 941 1782 989 elasa

370 1037 469 1068 sem
506 1020 631 1084 regis
668 1020 830 1084 Anglie
863 1019 1023 1067 venire
1063 1025 1225 1066 contra
1266 1019 1394 1075 illos3
1436 1026 1482 1066 et
1521 1036 1612 1067 una
1651 1019 1782 1066 navis

369 1098 671 1146 antecedebat
711 1098 889 1161 repleta
929 1096 1176 1161 armigeris
1219 1096 1299 1159 qui
1340 1096 1510 1144 milites
1547 1096 1782 1144 debebant

369 1175 487 1222 fieri.
518 1178 610 1222 Hec
639 1174 761 1222 enim
797 1174 927 1220 navis
959 1172 1183 1236 applicuit
1215 1172 1273 1220 ad
1309 1172 1562 1235 quamdam
1593 1189 1778 1230 navem,

370 1267 460 1313 que
488 1250 648 1314 gallice
679 1249 922 1297 dicebatur
951 1250 990 1297 le
1016 1249 1155 1297 Rz‘ehe
1182 1250 1236 1296 de
1262 1249 1427 1306 Leure,
1457 1267 1483 1296 a
1509 1265 1600 1312 qua
1625 1249 1784 1314 Angli-

370 1343 533 1375 corum
561 1326 691 1373 navis
717 1326 953 1373 destructa.
984 1333 1056 1373 est
1087 1332 1134 1373 et
1169 1326 1249 1388 qui
1281 1332 1415 1373 erant
1446 1326 1565 1372 infra
1597 1326 1783 1389 penitus

371 1403 540 1451 devicti
561 1409 606 1450 et
626 1403 783 1450 occisi.
808 1407 913 1450 Mox
935 1403 1091 1466 itaque
1111 1402 1472 1466 superveniente
1493 1403 1638 1451 classe
1658 1404 1784 1468 regis

370 1480 554 1544 Anglie,
595 1480 899 1527 commissum
940 1485 1011 1527 est
1050 1479 1219 1527 bellum
1255 1479 1620 1527 attrocissimum
1655 1480 1779 1544 (si0);

369 1574 570 1620 cumque
597 1563 884 1621 pugnassent
911 1574 935 1603 a
961 1556 1113 1620 prima
1139 1574 1288 1620 usque
1314 1556 1373 1604 ad
1406 1573 1595 1614 nonam,
1627 1558 1783 1605 Gallici

369 1651 461 1681 non
501 1635 604 1697 plus
644 1634 861 1681 tollerare
901 1634 1172 1690 valuerunt,
1217 1634 1439 1697 quoniam
1479 1634 1541 1682 ita
1579 1636 1783 1683 conserti

369 1717 501 1757 erant
526 1710 647 1757 inter
667 1727 715 1757 se
737 1710 865 1773 quod
892 1727 984 1757 non
1013 1716 1233 1773 poterant
1257 1727 1306 1757 se
1329 1711 1511 1774 juvare,
1536 1728 1622 1758 nec
1640 1711 1783 1759 aude-

371 1787 482 1834 bant
514 1786 674 1851 egredi
707 1787 753 1833 in
789 1793 979 1843 terram,
1010 1793 1205 1850 propter
1231 1787 1495 1851 Flamingos
1525 1788 1641 1851 ipsis
1671 1789 1783 1837 insi-

371 1862 578 1918 diantes;
613 1862 806 1926 insuper
837 1862 1027 1909 minime
1061 1862 1185 1910 docti
1218 1869 1350 1909 erant
1382 1864 1426 1910 in
1457 1863 1647 1922 armis¹‚
1683 1881 1783 1913 res-

373 1947 511 2003 pectu
537 1940 837 2005 Anglicorum
864 1940 943 2003 qui
972 1940 1068 1987 fere
1095 1957 1259 1988 omnes
1286 1940 1466 1988 nobiles
1493 1948 1642 1989 erant.

437 2023 503 2071 Ibi
520 2040 723 2086 namque
741 2029 867 2070 tanta
884 2023 1055 2071 occisio
1073 2023 1190 2070 facta
1205 2030 1276 2071 est
1290 2024 1417 2087 quod
1433 2041 1562 2072 mare
1576 2025 1782 2088 undique

372 2100 632 2147 occisorum
651 2117 819 2148 cruore
839 2100 1142 2148 rubrifactum
1163 2108 1233 2148 est
1260 2120 1268 2148 :
1299 2102 1638 2150 estimabantur
1657 2102 1780 2150 enim

372 2177 418 2223 in
461 2193 657 2224 numero
697 2184 844 2234 xxxm‚
891 2177 1011 2225 inter
1052 2194 1171 2241 quos
1211 2179 1384 2226 mortui
1432 2184 1541 2227 sunt
1583 2180 1780 2243 pretacti

373 2254 659 2301 admiraldus
686 2261 731 2301 et
756 2254 1000 2302 Nicholaus
1025 2255 1324 2302 Bahucheti2.

424 2424 457 2458 1.
480 2423 533 2458 Lc
566 2423 839 2460 continuateur
872 2425 917 2461 de
951 2424 1173 2461 Guillaume
1205 2424 1251 2461 de
1283 2425 1433 2473 Nangis
1467 2427 1508 2470 (t.
1538 2426 1598 2471 H,
1631 2438 1666 2473 p.
1699 2427 1779 2468 169)

374 2480 539 2517 attribue
561 2481 594 2515 le
615 2480 785 2517 desastre
807 2482 828 2517 ξι
850 2483 885 2517 la
903 2483 1067 2529 jalousie
1088 2482 1134 2518 de
1152 2483 1354 2520 Beliuchet
1372 2490 1505 2521 contre
1519 2484 1606 2521 Hue
1621 2485 1777 2529 Queret.

422 2546 456 2582 2.
478 2546 509 2582 Il
542 2545 665 2593 purait
698 2558 769 2593 que
801 2548 885 2583 Hue
918 2549 1059 2592 Queret
1089 2554 1245 2586 mourut
1273 2549 1339 2584 dos
1369 2549 1488 2585 suites
1515 2549 1560 2585 de
1591 2560 1652 2586 ses
1677 2549 1778 2586 bles-

377 2616 498 2641 sureS.
516 2606 568 2641 Le
589 2604 862 2641 continuateur
883 2606 927 2642 de
949 2607 1172 2644 Guillaume
1195 2607 1241 2644 de
1261 2608 1410 2655 Nangis
1430 2608 1483 2644 dit
1504 2608 1617 2655 qu’en
1638 2608 1778 2654 mepris

376 2664 425 2699 du
460 2664 514 2700 roi
547 2664 591 2700 de
619 2663 782 2708 Franco,
810 2664 966 2701 Nicolas
996 2666 1197 2703 Beliuchet
1227 2667 1282 2704 sut
1310 2667 1437 2714 pendu
1464 2678 1512 2703 au
1533 2667 1614 2703 mat
1641 2666 1686 2702 de
1708 2677 1776 2703 son

380 2723 511 2758 navim
535 2729 572 2767 (t.
596 2723 648 2770 II,
668 2734 703 2770 p.
730 2722 823 2764 169).
