1923 3358
152 275 256 322 1346]
427 279 798 312 CHRONOGRAPHIA
824 278 977 311 REGUM
1002 263 1281 311 FRANGORUM.
1487 274 1554 310 ‘237

151 364 273 406 esset
304 377 328 406 a
358 359 607 422 Flamingis
640 359 685 405 in
721 358 963 405 dominum
1000 375 1052 405 ac
1086 358 1302 405 comitem
1339 373 1474 405 suum
1510 364 1555 404 et

149 434 275 497 quod
311 435 445 482 fieret
477 435 654 482 dictum
692 433 1059 490 matrimonium,
1097 433 1314 480 dubitans
1350 449 1435 496 per
1467 433 1556 480 hoc

148 510 361 557 amittere
387 510 723 558 federationem
749 510 1112 573 Flamingorum,
1143 509 1253 556 abiit
1284 509 1554 557 Gandavum

148 592 195 633 et
227 587 289 634 ibi
327 586 631 650 congregavit
660 585 904 632 consilium
941 586 1313 633 communiarum
1345 585 1555 633 Flandrie

147 679 201 710 ac
220 663 287 710 eis
311 662 555 725 requisivit
575 661 702 724 quod
723 661 985 708 Ludovicus
1011 661 1227 709 dominus
1248 679 1412 710 eorum
1438 663 1556 710 acci-

148 745 281 802 peret
304 739 446 786 filiam
467 754 599 785 suam
625 737 857 785 Elizabeth
879 737 925 783 in
952 754 1166 795 uxorem,
1191 737 1249 784 ad
1276 739 1557 786 confirman-

147 815 255 863 dam
273 831 405 863 suam
426 814 779 862 federationem.
806 813 886 862 Cui
908 814 1130 878 Flamingi
1151 821 1412 862 annuerunt
1438 815 1557 878 peti-

147 890 324 938 tionem
349 906 499 946 suam,
524 890 768 954 ignorante
789 888 981 936 domino
1001 905 1103 944 suo,
1132 894 1177 936 et
1200 889 1556 954 assignaverunt

146 967 185 1014 ei
222 967 347 1014 diem
378 966 504 1030 apud
542 967 747 1031 Berghes
782 965 828 1012 in
862 982 953 1029 qua
988 966 1163 1014 dictum
1204 966 1554 1014 matrimonium

146 1044 273 1107 quod
298 1043 569 1107 requirebat
595 1043 945 1091 confirmarent.

211 1126 417 1170 Reverso
432 1122 588 1184 itaque
606 1138 717 1185 rege
734 1120 792 1167 ad
812 1119 1103 1168 obsidionem
1124 1120 1311 1176 Kalesii,
1330 1119 1554 1183 Flamingi

145 1199 360 1247 abierunt
386 1199 442 1246 ad
466 1198 643 1245 dictum
670 1197 913 1244 dominum
934 1213 1069 1244 suum
1091 1197 1314 1261 juvenem
1332 1197 1552 1244 comitem

145 1281 191 1323 et
219 1275 438 1322 dixerunt
465 1274 506 1322 ei
527 1274 886 1322 conventionem
911 1289 1053 1336 quam
1079 1273 1285 1320 fecerant
1310 1289 1417 1320 cum
1442 1289 1553 1336 rege

145 1352 325 1416 Anglie.
357 1355 475 1399 Puer
495 1358 650 1399 autem
670 1350 916 1414 respondit
941 1350 1005 1397 eis
1032 1349 1159 1413 quod
1186 1365 1426 1413 nunquam
1449 1349 1556 1396 huic

144 1428 393 1476 assentiret
413 1428 735 1483 conventioni;
764 1434 875 1475 tunc
894 1433 1152 1491 posuerunt
1172 1443 1280 1474 eum
1299 1426 1345 1473 in
1365 1442 1552 1474 carcere

144 1510 192 1552 et
229 1519 336 1551 eum
378 1504 571 1552 sollicite
607 1503 843 1551 custodire
876 1503 1133 1560 fecerunt1,
1179 1503 1388 1550 dicentes
1422 1502 1550 1566 quod

144 1597 383 1644 nunquam
409 1581 575 1637 exiret,
607 1580 756 1628 donec
777 1597 941 1628 eorum
967 1579 1262 1628 conventioni
1288 1579 1551 1627 ultroneum

144 1658 366 1722 preberet
385 1674 644 1705 assensum.

210 1738 336 1783 Tunc
367 1734 647 1783 Godefridus
685 1735 743 1782 de
782 1735 1036 1792 Haricuria,
1081 1734 1139 1782 de
1176 1734 1386 1781 exercitu
1428 1734 1552 1798 regis

143 1812 399 1876 Anglorum
413 1818 459 1859 et
469 1812 815 1876 Flamingorum
831 1811 1041 1868 recessit,
1057 1811 1225 1858 eodem
1239 1827 1349 1874 rege
1364 1810 1546 1867 relicto,

143 1889 271 1935 venit
295 1889 354 1935 ad
381 1888 547 1936 ducem
573 1889 826 1936 Brabancie
853 1895 899 1936 et
918 1894 1100 1936 tanturn
1126 1888 1400 1951 procuravit
1426 1888 1552 1950 apud

143 1982 251 2013 eum
270 1965 397 2028 quod
418 1966 570 2013 eidem
586 1966 803 2028 promisit
819 1966 972 2013 facere
990 1981 1152 2028 pacem
1172 1981 1303 2012 suam
1320 1980 1427 2012 cum
1442 1981 1551 2028 rege

141 2042 355 2107 Philippo
381 2042 461 2105 qui
488 2059 597 2090 eum
622 2060 647 2089 a
668 2059 814 2106 regno
839 2059 923 2089 suo
950 2041 1267 2088 exulaverat—2.

207 2123 263 2167 Et
297 2136 381 2166 rex
416 2118 711 2167 Edowardus
746 2119 858 2165 abiit
890 2118 949 2165 ad
983 2121 1206 2181 Bergues,
1242 2115 1317 2163 die
1350 2116 1553 2179 preassi-

141 2202 280 2261 gnata
299 2196 345 2243 in
366 2213 458 2260 qua
475 2195 698 2260 Flamingi
719 2195 953 2242 debebant
969 2194 1222 2241 convenire
1241 2199 1287 2240 et
1308 2192 1552 2241 dominum

191 2339 223 2373 1.
245 2338 277 2373 Il
299 2338 400 2374 avait
420 2349 516 2385 pour
537 2349 795 2386 gouverneur,
818 2348 866 2373 ou
887 2337 973 2384 plus
994 2341 1240 2372 exactement
1259 2346 1355 2383 pour
1376 2337 1549 2384 gardien,

142 2397 177 2433 le
196 2397 367 2444 marquis
389 2397 433 2433 de
453 2398 611 2442 Juliers,
633 2397 850 2432 beau-frere
871 2386 1085 2431 d'Edouard
1105 2395 1176 2430 III.

189 2456 222 2492 2.
247 2456 320 2492 Les
350 2457 511 2492 Grandes
544 2457 768 2501 Ghronz‘ques
799 2457 836 2501 (t.
860 2455 909 2500 V,
932 2466 967 2501 p.
992 2454 1071 2496 466)
1103 2454 1229 2490 disent
1259 2465 1330 2501 que
1357 2454 1551 2502 Godefroy

143 2516 375 2552 d'Harcourt
403 2526 442 2550 se
472 2516 653 2562 presente
680 2515 820 2550 devant
849 2514 1023 2560 philippe
1053 2513 1097 2549 de
1125 2513 1258 2549 Valois
1291 2527 1305 2547 «
1329 2513 1366 2549 la
1394 2514 1552 2550 touaille

146 2587 161 2609 «ι
185 2574 323 2610 double
344 2573 441 2609 mise
462 2573 507 2609 de
528 2584 588 2609 ses
610 2584 766 2619 propres
787 2572 916 2608 mains
938 2583 986 2608 en
1009 2583 1078 2608 son
1100 2572 1171 2608 col.
1194 2585 1208 2606 ι)
1234 2572 1300 2618 (Cf.
1323 2573 1365 2607 L.
1390 2572 1551 2617 Delisle,

144 2636 301 2670 Histoire
321 2635 369 2669 clu
390 2633 546 2668 ohdteau
566 2636 598 2668 et
617 2634 674 2668 des
695 2635 785 2668 sires
811 2633 852 2667 de
877 2633 1251 2668 Saint-Sauveur-le-
1263 2633 1423 2675 Vicomte,
1448 2643 1483 2678 p.
1506 2631 1551 2668 66

145 2693 167 2729 {t
188 2693 258 2736 68.)
281 2693 336 2729 La
357 2693 467 2728 lettre
488 2691 685 2728 definitive
706 2691 752 2727 de
773 2691 919 2737 pardon
939 2697 995 2727 est
1015 2691 1066 2727 du
1087 2691 1129 2727 21
1152 2690 1356 2727 decembre
1379 2690 1482 2726 1346.
