1923 3358
119 274 222 319 1345]
394 277 762 310 CHRONOGRAPHIA
789 278 941 309 REGUM
966 277 1244 309 FRANCORUM.
1447 272 1513 308 217

117 359 215 400 erat
233 353 366 400 valde
386 354 524 401 forte.
549 354 829 401 Castellanus
846 353 1055 400 vendidit
1075 352 1312 400 castellum
1329 353 1481 399 comiti
1501 370 1511 407 ;

115 431 212 494 qui,
242 430 405 493 positis
440 431 614 477 ibidem
646 431 928 483 hominibus,
961 430 1073 477 abiit
1099 437 1145 476 et
1179 429 1363 477 obsedit
1387 432 1515 477 Mon-

113 509 501 571 tempensatum1.
532 508 616 565 Qui
640 525 754 555 vero
772 514 903 555 erant
922 508 967 554 in
990 507 1096 554 villa
1115 507 1387 554 occiderunt
1416 522 1514 553 cas—

113 585 334 632 tellanum
356 591 401 631 et
418 585 696 648 quingentos
722 584 950 630 soldarios
972 584 1048 646 qui
1068 590 1200 631 erant
1220 584 1282 631 ibi
1303 601 1360 630 ex
1382 589 1513 647 parte

112 661 237 725 regis
263 661 454 708 Francie
477 677 531 707 ac
556 660 861 708 reddiderunt
891 676 939 706 se
960 660 1134 706 comiti.

176 742 351 800 Quibus
364 741 589 805 Teceptis,
620 757 777 788 comes
803 741 963 788 abiens
989 740 1046 787 ad
1073 746 1277 788 castrum
1303 741 1362 789 de
1388 744 1514 788 Mon-

108 820 315 881 teray02,
348 817 504 881 posuit
536 817 728 865 insidias
754 834 846 864 nou
872 817 1010 881 longe
1037 835 1061 864 a
1088 818 1195 864 villa
1221 824 1359 881 atque
1389 818 1515 865 misit

111 893 279 956 predas
304 898 410 939 ante
437 892 617 949 villam3
646 909 845 956 cumque
872 892 932 939 illi
960 892 1018 940 de
1043 893 1149 940 villa
1176 898 1221 940 et
1248 893 1305 940 de
1326 893 1514 940 castello

108 969 362 1017 exivissent
399 969 456 1016 ad
490 969 770 1032 capiendum
807 969 1021 1033 predam,
1062 969 1141 1032 qui
1177 969 1515 1017 insidiabantur·

108 1046 322 1109 protinus
353 1045 761 1093 circumdederunt
793 1063 873 1092 eos
908 1046 1113 1108 undique
1146 1052 1191 1092 et
1223 1045 1510 1101 occiderunt,

107 1126 428 1185 ceperuntque
464 1122 619 1169 villam
655 1128 702 1168 et
740 1122 1005 1179 castellum,
1048 1123 1126 1170 ubi
1166 1122 1307 1169 etiam
1341 1122 1513 1169 multos

107 1204 409 1245 necaverunt.

170 1279 345 1327 Deinde
362 1278 669 1326 reddiderunt
690 1295 739 1326 se
759 1280 961 1343 Anglicis
983 1279 1301 1336 Villafi‘ancass,
1327 1280 1512 1327 castella

105 1356 163 1404 de
189 1356 386 1404 Tondis4
404 1362 449 1402 et
475 1355 533 1402 de
553 1358 803 1419 Damezay5
825 1362 964 1419 atque
987 1362 1084 1403 tota
1105 1357 1252 1419 patria
1280 1374 1429 1419 usque
1450 1357 1508 1404 ad

106 1432 341 1480 civitatem
367 1432 768 1496 Arigolismensem
797 1450 887 1495 que
918 1433 1057 1480 etiam
1083 1433 1266 1480 reddita
1299 1440 1370 1480 est
1396 1433 1507 1480 eisss.

105 1513 164 1558 Et
202 1510 389 1557 intravit
428 1526 584 1557 comes
625 1510 919 1557 Herbicensis
954 1511 999 1557 in
1038 1510 1273 1557 civitatem
1313 1527 1366 1557 ac
1403 1510 1511 1557 inde

106 1586 231 1633 misit
254 1602 395 1633 unam
426 1592 610 1649 partem
636 1585 706 1633 sui
733 1586 965 1633 exercitus
992 1586 1050 1633 ad
1083 1586 1387 1634 custodienda
1414 1603 1512 1633 cas-

153 1756 185 1791 1.
209 1755 443 1802 Montpezat,
466 1756 820 1803 Lot-et-Garonne,
843 1756 1172 1793 arrondissement
1186 1755 1353 1803 d'Agen,
1370 1760 1512 1792 canton

104 1813 150 1849 de
172 1813 374 1862 Prayssas.

148 1880 182 1915 2.
206 1879 309 1916 C’est
329 1880 612 1927 Castelmoron,
635 1881 981 1925 Lot-et-Garonne‚
1002 1880 1332 1917 arrondissement
1347 1880 1392 1916 de
1408 1880 1512 1916 Mar-

102 1938 258 1985 mande,
281 1939 467 1976 chef-lieu
488 1940 534 1976 de
555 1945 712 1977 canton.

150 2002 183 2038 3.
207 2003 494 2051 villefranche,
525 2005 888 2051 Lot-et-Garonne,
929 2004 1258 2041 arrondissement
1290 2004 1336 2040 de
1368 2003 1509 2050 Nerac,

103 2068 246 2099 canton
267 2062 311 2098 de
334 2062 610 2110 Casteljziloux.

148 2128 181 2162 4.
205 2128 421 2174 Tcnneins,
451 2128 795 2175 Lot-et-Garonne,
827 2128 1158 2165 arrondissement
1188 2127 1233 2163 de
1267 2127 1509 2173 Marmande,

102 2187 288 2223 chef-lieu
310 2187 355 2224 de
377 2194 532 2224 canton.

147 2251 180 2286 5.
204 2250 418 2297 Damazan,
440 2252 795 2297 Lot-et-Garonne,
819 2251 1151 2287 arrondissement
1172 2250 1216 2287 de
1238 2250 1379 2295 Nerac,
1403 2251 1508 2287 ches-

99 2309 177 2345 lieu
208 2309 253 2345 de
288 2316 443 2346 canton.
479 2310 581 2346 C’est
612 2312 802 2357 peut-eure
829 2311 851 2346 ἐι
878 2311 1043 2346 Stafford
1077 2310 1168 2357 qu’il
1198 2310 1277 2346 faut
1310 2315 1509 2356 rapporter

101 2367 307 2403 l’licnneur
327 2368 371 2404 de
400 2380 464 2405 ces
490 2369 613 2415 prises
643 2369 889 2417 (Bertrandy,
916 2362 1030 2405 Ecude
1059 2380 1126 2405 sur
1152 2373 1199 2405 les
1226 2371 1443 2414 chroniques
1468 2371 1509 2404 de

99 2428 293 2468 Froissart,
317 2439 351 2473 p.
375 2428 470 2473 ⁶238).
494 2428 694 2464 Damazan
716 2429 819 2464 avait
840 2430 900 2464 ete
920 2429 999 2475 pris
1017 2429 1113 2464 dans
1129 2429 1183 2464 les
1197 2428 1383 2476 premiers
1400 2428 1508 2474 jours

99 2484 228 2520 d'aout
258 2485 347 2521 1342
368 2497 436 2532 par
456 2487 628 2533 l'eveque
649 2487 694 2523 de
716 2488 924 2533 Beauvais,
948 2487 1161 2523 lientenant
1182 2488 1231 2523 du
1253 2487 1307 2524 roi
1334 2498 1384 2522 en
1411 2487 1507 2522 Lan-

100 2543 246 2589 guedoc
274 2549 312 2579 et
339 2555 386 2580 en
415 2544 628 2592 Saintcnge
657 2545 770 2591 (Bibl.
797 2551 894 2591 nat.,
919 2546 1045 2582 Titres
1076 2546 1211 2583 scelles
1241 2546 1286 2582 de
1317 2545 1506 2582 Clairam-

99 2602 219 2648 bault,
243 2603 317 2638 vol.
343 2604 400 2649 70,
424 2604 487 2639 fol.
511 2604 629 2650 5475).

147 2667 179 2702 6.
205 2667 407 2704 Peut-etre
438 2679 525 2704 vers
555 2669 590 2705 le
619 2670 717 2706 mois
747 2669 792 2705 de
823 2669 1026 2707 decembre
1057 2671 1146 2708 1345
1174 2671 1392 2718 (Chromque
1419 2680 1505 2705 nor*

100 2728 246 2768 mande,
271 2738 305 2773 p.
329 2727 412 2772 269,
436 2732 524 2764 note
548 2729 593 2773 ¹1).
