1923 3358
184 267 287 312 1341]
458 269 828 302 CHRONOGRAPHIA
853 269 1006 302 REGUM
1031 269 1308 302 FRANCORUM.
1516 268 1579 302 171

180 349 371 397 bellum.
392 349 527 397 Cives
550 354 707 396 autem
724 354 832 412 post
853 348 1052 396 validam
1073 348 1392 396 resisteneiam
1412 347 1582 395 devicti

181 432 288 475 sunt
313 433 359 474 et
385 427 464 490 qui
490 432 743 490 potuerunt
770 425 970 473 evadere
995 426 1154 490 fugam
1183 426 1439 490 elegerunt.

245 507 441 567 Insuper
459 503 684 550 Henricus
710 502 768 549 de
794 502 1055 549 Penneforti
1075 508 1182 566 post
1203 503 1406 551 ferocem
1426 502 1584 550 debel-

180 581 398 628 lationem
433 579 638 642 undique
673 594 870 625 cernens
902 595 951 625 se
982 578 1326 643 impugnatum,
1356 597 1413 627 ne
1439 579 1584 627 vitam

181 673 313 704 suam
347 656 598 710 amitteret,
642 653 848 700 reddidit
883 670 933 701 se
970 655 1187 711 comiti¹;
1234 656 1313 718 qui
1353 656 1584 719 recipiens

180 751 305 791 eum,
334 748 578 797 regressus
595 737 666 778 est
682 730 740 778 ad
763 731 962 778 tentoria
983 747 1082 778 sua.
1106 732 1173 779 Illi
1190 749 1378 796 quoque
1397 733 1456 780 de
1473 732 1585 780 civi-

178 816 272 858 tate
287 810 366 874 qui
381 808 582 856 evadere
600 812 854 871 potuerunt
870 806 928 854 de
945 807 1066 855 bello
1086 824 1172 870 per
1192 809 1319 856 haias
1333 815 1379 856 et
1394 809 1579 865 dumos,

177 886 379 950 regressi
399 891 506 932 sunt
522 884 566 930 in
584 883 818 930 civitatem
832 899 939 931 cum
956 884 1159 931 maxima
1178 884 1395 932 dolorum
1413 885 1585 933 deduc-

177 964 329 1020 tione;
358 961 438 1025 qui
464 961 522 1008 ab
554 960 653 1008 aliis
687 960 963 1024 interrogati
997 961 1055 1008 de
1092 961 1216 1008 dicto
1242 961 1459 1019 Henrico,
1486 978 1585 1009 res-

176 1039 446 1104 ponderunt
468 1039 596 1101 quod
621 1043 836 1085 mortuus
863 1038 935 1084 vel
961 1044 1124 1101 captus
1149 1045 1289 1086 esset.

242 1119 408 1165 Comes
431 1117 588 1178 itaque
611 1114 748 1180 jussit
772 1115 926 1178 ipsum
955 1115 1206 1163 Henricum
1233 1115 1402 1163 adduci
1427 1132 1586 1162 coram

178 1211 228 1242 se
253 1211 306 1241 ac
331 1193 474 1240 armis
501 1193 597 1240 suis
623 1192 748 1239 exui.
777 1194 973 1255 Insuper
998 1208 1104 1239 cum
1130 1193 1275 1240 multa
1294 1192 1442 1240 verba
1468 1192 1585 1240 dura

179 1277 225 1318 et
250 1287 417 1334 aspera
444 1271 625 1317 locutus
661 1275 785 1316 esset
810 1269 868 1316 ad
901 1285 1026 1326 eum,
1056 1269 1174 1316 dixit
1206 1270 1247 1316 ei
1273 1270 1400 1332 quod
1430 1270 1586 1333 ipsum

175 1347 406 1412 judicaret
432 1353 584 1394 morte
620 1346 859 1394 traditoris
894 1347 1105 1411 dignum,
1142 1346 1228 1394 nisi
1263 1346 1350 1394 sibi
1376 1346 1585 1394 traderet

180 1424 415 1471 civitatem
448 1440 501 1470 ac
531 1440 647 1470 vero
679 1423 822 1470 eorde
854 1422 941 1470 sibi
976 1423 1245 1488 homagium
1280 1424 1468 1470 faceret.
1505 1424 1586 1471 Cui

176 1500 403 1548 Henricus
438 1518 446 1547 :
483 1519 503 1544 «
540 1499 755 1548 Reddere
786 1499 923 1546 vobis
957 1500 1192 1547 civitatem
1224 1517 1316 1547 non
1347 1516 1536 1563 possem
1572 1517 1582 1546 :

180 1597 200 1622 ε(
232 1578 316 1625 sed
358 1578 397 1624 si
431 1577 583 1624 velitis
618 1594 694 1624 me
736 1577 783 1623 in
824 1576 1062 1624 hominem
1106 1583 1315 1625 vestrum
1352 1577 1582 1641 recipere,

180 1673 201 1699 <t
232 1654 501 1718 homagium
521 1670 574 1702 ac
592 1653 827 1701 fidelitatis
850 1654 1162 1718 juramentum
1184 1654 1367 1711 faciam,
1397 1671 1451 1701 ac
1475 1670 1586 1716 pro-

180 1751 201 1777 «
231 1733 413 1780 mittam
443 1738 657 1779 vestrum
687 1732 916 1779 honorem
950 1738 996 1778 et
1031 1731 1228 1779 salutem
1260 1731 1432 1794 ubique
1462 1737 1508 1778 et
1540 1732 1585 1778 in

180 1829 200 1854 «
231 1809 449 1857 omnibus
470 1809 696 1872 quamdiu
721 1809 879 1855 vivam
904 1808 1175 1856 observare.
1209 1828 1229 1853 ›)

242 1885 417 1942 Quibus
438 1884 591 1940 dictis,
616 1890 833 1948 receptus
859 1889 931 1931 est
951 1902 976 1931 a
995 1884 1163 1931 comite
1181 1901 1234 1931 ac
1254 1884 1295 1931 ei
1316 1884 1584 1948 homagium

176 1962 307 2018 fecit3
339 1961 506 2008 deinde
533 1978 692 2009 comes
719 1962 921 2024 quesivit
950 1961 1008 2008 ab
1035 1978 1090 2008 eo
1117 1961 1360 2009 consilium
1386 1962 1585 2024 qualiter

176 2044 338 2102 posset
363 2038 598 2084 civitatem
616 2038 806 2085 habere.
831 2038 913 2086 Cui
932 2037 1157 2085 Henrieus
1188 2056 1196 2084 :
1231 2057 1252 2082 <1
1283 2037 1328 2085 Si
1350 2053 1454 2084 meo
1475 2054 1585 2085 con-

183 2134 203 2159 «
232 2115 333 2161 silio
365 2114 563 2177 prebere
593 2115 746 2161 velitis
781 2130 1045 2170 assensum,
1091 2115 1149 2161 de
1190 2113 1311 2161 facili
1348 2114 1584 2161 civitatem

179 2210 198 2235 c<
230 2191 444 2255 poteritis
493 2190 682 2238 habere.
738 2191 944 2240 ,lubeatis
995 2190 1257 2253 patibulum
1305 2190 1422 2254 erigi
1471 2195 1580 2238 ante

180 2287 199 2311 «
232 2283 393 2315 muros
429 2267 627 2315 civitatis
663 2274 708 2315 et
747 2284 822 2315 me
863 2266 1060 2314 vinculis
1100 2267 1317 2331 astringi,
1360 2273 1582 2330 tanquam

180 2364 200 2388 c<
231 2344 392 2391 volens
412 2360 486 2391 me
511 2343 818 2407 suspendere.
847 2347 946 2409 Ego
973 2360 1085 2390 vero
1112 2343 1370 2407 burgenses
1397 2344 1477 2408 qui
1505 2360 1581 2390 me

179 2440 199 2465 «
232 2421 387 2468 cordis
421 2420 677 2467 visceribus
705 2420 924 2485 diligunt,
964 2420 1142 2484 rogabo
1184 2420 1402 2483 quatinus
1440 2421 1579 2469 mise-

180 2517 200 2541 «
230 2502 421 2544 reantur
439 2496 549 2553 mei,
575 2512 660 2543 nec
684 2513 758 2544 me
780 2496 1052 2560 permittant
1074 2513 1180 2544 cum
1204 2497 1438 2561 vituperio
1458 2498 1580 2545 mori

226 2628 258 2661 1.
282 2625 341 2662 Ou
362 2625 485 2672 plutotr
508 2638 523 2658 «
546 2636 568 2660 a
588 2636 667 2671 ung·
691 2625 842 2661 eseuier
868 2625 913 2661 de
939 2625 1090 2662 l'hostel
1109 2626 1144 2663 le
1165 2632 1291 2663 comte
1310 2627 1357 2663 de
1378 2627 1578 2675 Montfort‚

180 2701 195 2720 «
218 2697 292 2734 que
320 2698 369 2724 on
396 2687 518 2734 apelle
542 2687 690 2734 Joffroy
717 2687 791 2723 dou
818 2687 935 2724 Bruel
967 2701 983 2721 ›>
1013 2688 1228 2735 (Froissart‚
1254 2688 1312 2725 ed.
1334 2689 1452 2734 Luce,
1475 2697 1502 2725 t.
1525 2688 1575 2730 ΙΙ,

177 2758 214 2793 p.
237 2747 331 2793 276).
