1923 3358
169 255 273 300 1341]
447 257 816 291 CHRONOGRAPHIA
842 259 995 291 REGUM
1021 258 1300 291 FRANCORUM.
1508 256 1574 291 175

232 340 398 386 Comes
418 338 572 402 itaque
586 345 693 403 post
708 339 878 387 multos
898 339 1118 396 assultuS,
1143 339 1308 387 diebus
1323 344 1429 386 octo
1449 339 1576 402 elap-

167 414 248 472 sis,
266 416 486 478 quoniam
500 422 705 464 castrum
723 422 821 463 erat
840 416 985 463 muris
998 416 1101 463 altis
1118 415 1368 473 munitum,
1389 420 1574 463 tantum

166 491 272 539 fecit
297 493 422 556 apud
453 493 572 541 duos
603 493 752 541 dictos
784 493 952 541 milites
985 492 1112 556 quod
1144 492 1232 540 sibi
1266 492 1576 541 reddiderunt

165 574 389 626 castrum,
414 586 594 617 necnon
609 569 877 632 homagium
896 570 1122 616 fecerunt.
1140 572 1197 615 Et
1211 586 1429 633 egressus
1444 569 1572 628 inde,

166 644 276 692 abiit
307 651 411 694 ante
440 645 646 708 quodam
669 645 772 708 (sic)
802 650 1008 692 castrum
1044 651 1362 707 nuncupatum
1391 646 1577 694 Golafo-

164 722 313 770 resta1
336 722 464 786 quod
484 722 683 770 multum
705 721 1005 783 concupierat
1031 739 1039 768 :
1071 727 1264 785 eratque
1290 728 1449 770 custos
1474 740 1575 772 cas-

164 798 224 845 tri
242 799 432 862 quidam
454 799 606 856 miles,
629 797 779 847 Guido
803 797 1008 855 nomine,
1034 797 1114 860 qui
1135 798 1334 846 multum
1356 798 1578 863 diligebat

165 878 430 939 Herveyum
464 875 523 922 de
561 879 714 923 Leone
748 891 804 922 eo
843 874 971 938 quod
1009 874 1144 922 simul
1186 875 1370 922 fuerant
1407 877 1576 940 captivi

165 952 530 999 Sarracenorum
561 951 608 998 in
643 954 842 1000 Granata
872 957 919 998 et
951 951 1132 998 reversi
1164 952 1350 999 fuerant
1384 952 1567 1000 simul2.

163 1032 255 1076 Iste
281 1030 430 1077 Guido
456 1030 621 1078 videns
654 1036 802 1078 totam
834 1030 1034 1094 patriam
1067 1030 1226 1078 comiti
1259 1031 1572 1096 subjugatam,

163 1122 323 1154 amore
343 1106 454 1154 dicti
480 1107 682 1165 Herveii,
706 1107 913 1155 reddidit
931 1113 1138 1155 castrum
1163 1108 1323 1156 comiti
1350 1114 1397 1156 et
1415 1109 1577 1156 homa—

164 1184 293 1247 gium
319 1185 407 1232 sibi
434 1185 561 1232 fecit.

228 1261 430 1309 Deinde3
451 1278 608 1310 comes
628 1261 740 1309 abiit
756 1268 862 1310 ante
882 1261 1322 1326 C[o]risopitensem
1340 1262 1576 1310 civitatem

164 1337 209 1385 in
245 1355 337 1402 qua
372 1344 472 1385 erat
504 1338 696 1402 quidam
733 1339 1006 1402 episcopus,
1044 1338 1195 1386 dictus
1232 1338 1481 1403 episcopus
1518 1339 1577 1386 de

163 1418 334 1472 Leone,
371 1416 626 1463 avunculus
665 1415 875 1480 ejusdem
913 1415 1098 1463 Herveii
1123 1415 1181 1463 de
1211 1419 1365 1463 Leone
1395 1416 1475 1479 qui
1505 1417 1576 1463 sui

164 1493 350 1556 nepotis
385 1510 545 1541 amore
581 1493 814 1541 civitatem
850 1492 1056 1541 reddidit
1090 1498 1136 1540 et
1166 1493 1435 1558 homagium
1470 1494 1577 1541 fecit

165 1570 347 1627 comiti,
382 1571 461 1617 tali
494 1570 709 1618 videlicet
747 1569 1014 1618 conditione
1045 1569 1174 1632 quod
1208 1569 1246 1617 si
1288 1570 1424 1617 heres
1463 1587 1575 1634 pro-

163 1647 384 1711 pinquior
421 1648 616 1696 ducatus
654 1647 889 1694 Britannie
929 1652 1208 1711 appareret,
1255 1646 1374 1694 liber
1416 1647 1474 1694 ab
1518 1665 1574 1695 eo

165 1725 263 1772 sine
295 1725 502 1790 parjurio
537 1725 778 1773 discedere
816 1730 1004 1788 posset3
1039 1723 1166 1787 quod
1195 1723 1388 1787 quidem
1418 1740 1576 1772 comes

163 1818 387 1861 annuens,
405 1802 583 1867 recepit
595 1802 867 1867 homagium
881 1801 1005 1850 dicto
1019 1801 1162 1850 modo
1180 1801 1569 1850 conditionatum.

166 1976 320 2019 canton)
352 1976 455 2012 avait
480 1987 576 2023 pour
596 1977 807 2024 capitaines
828 1977 997 2014 Geoffroi
1023 1977 1069 2014 de
1096 1976 1312 2013 Malestroit
1335 1982 1372 2013 et
1398 1976 1503 2013 Yves
1530 1975 1576 2012 de

166 2032 401 2080 Tresiguidi.

215 2093 247 2128 1.
270 2091 588 2140 Goy-Ia-Forest,
612 2095 719 2130 selon
740 2093 947 2140 Froissart‚
964 2093 1161 2141 s’appelait
1177 2103 1226 2129 en
1242 2092 1375 2129 realite
1397 2092 1576 2128 Gouelet·

166 2150 302 2188 Forest
334 2152 382 2197 (v.
412 2152 617 2198 Froissart,
656 2152 715 2188 ed.
746 2154 864 2200 Luce,
893 2157 921 2188 t.
952 2153 1003 2199 II,
1040 2164 1075 2199 p.
1111 2163 1239 2199 xxm,
1268 2156 1358 2187 note
1391 2151 1438 2197 6).
1467 2151 1576 2188 Cette

167 2209 334 2254 localite,
358 2210 600 2257 aujourd⁷hui
622 2211 657 2247 la
678 2212 826 2258 Forest‚
849 2218 907 2248 est
923 2212 1044 2248 situee
1061 2211 1155 2248 dans
1172 2212 1206 2247 le
1222 2211 1430 2258 Finistere,
1446 2221 1577 2247 arron-

168 2268 379 2306 dissement
400 2270 445 2306 de
467 2271 593 2316 Brest,
611 2276 754 2307 canton
775 2271 819 2307 de
842 2272 1112 2307 Landerneau.
1131 2271 1186 2306 La
1206 2271 1309 2318 prise
1330 2271 1376 2307 de
1398 2270 1578 2307 Gouelet-

168 2328 303 2364 Forest
325 2334 382 2364 est
405 2340 495 2364 sans
516 2329 629 2366 doute
650 2330 729 2365 mal
748 2331 899 2376 placem
924 2330 997 2365 elle
1019 2329 1085 2365 dut
1107 2330 1187 2366 etre
1209 2340 1284 2366 une
1307 2330 1576 2376 consequence

168 2388 213 2424 de
235 2388 330 2424 celle
353 2388 398 2424 de
419 2388 546 2434 Brest,
568 2389 632 2435 qui
654 2394 711 2425 est
731 2395 814 2425 tout
835 2391 922 2436 pres
943 2394 980 2425 et
1000 2389 1065 2436 qui
1086 2389 1240 2425 domine
1262 2400 1304 2426 ce
1325 2395 1446 2436 poste.

214 2447 249 2482 ⁶2.
273 2447 480 2493 Froissart,
503 2449 613 2494 apres
633 2448 732 2484 Jean
756 2449 788 2484 le
805 2449 888 2494 Bel,
905 2449 972 2484 fait
988 2449 1092 2484 aussi
1108 2448 1273 2485 allusion
1294 2448 1315 2484 a
1337 2449 1374 2484 la
1394 2447 1576 2495 captivite

167 2505 333 2541 d'Herve
354 2505 399 2540 de
422 2506 528 2541 Leon
548 2506 570 2541 a
591 2506 769 2542 Grenade
794 2507 864 2553 (e‘d.
887 2507 1005 2554 Luce,
1028 2513 1055 2543 t.
1080 2507 1130 2554 II,
1151 2518 1187 2554 p.
1210 2509 1353 2553 xxxw).

216 2565 249 2600 3.
273 2564 389 2600 Selon
410 2565 602 2601 Froissart
623 2566 693 2612 (ed.
717 2567 834 2611 Luce,
857 2572 884 2602 t.
902 2566 953 2613 H,
970 2578 1006 2613 p.
1025 2567 1119 2612 100),
1136 2568 1246 2613 apres
1262 2567 1299 2602 la
1313 2567 1463 2612 Forest,
1478 2566 1579 2602 Jean

169 2623 214 2659 de
236 2623 420 2659 Montfort
440 2622 600 2660 investit
621 2624 788 2661 Gathaix
812 2624 1031 2671 (Finistere,
1053 2625 1386 2662 arrondissement
1406 2625 1452 2660 de
1478 2624 1578 2660 Cha-

169 2681 331 2728 teaulin,
355 2681 537 2717 chef-lieu
558 2681 603 2718 de
624 2684 795 2730 canton),
817 2685 865 2719 ou
893 2683 1017 2719 s'etait
1044 2683 1215 2720 enferme
1243 2683 1413 2730 l’e'veque
1436 2682 1511 2719 Gui
1532 2682 1578 2719 de

171 2741 291 2778 Leon.
