1923 3358
308 270 373 307 384
577 268 946 303 CHRONOGRAPHIA
972 267 1125 300 REGUM
1150 266 1429 300 FRANCORUM.

306 351 568 406 bastardus,
600 350 684 396 fuit
709 348 941 413 legitimus
973 348 1095 395 filius
1120 347 1361 411 Alphonsi‚
1391 346 1515 412 regis
1544 348 1707 411 Hispa-

306 429 379 476 nie
417 435 462 474 et
499 425 715 483 Castelle,
756 425 837 472 sed
880 442 905 472 e
937 441 1165 472 converso
1201 427 1365 472 Petrus
1400 424 1486 472 fuit
1524 424 1708 472 aliunde

305 511 462 559 natus;
494 502 601 566 quia
639 502 908 566 Alphunsus
942 519 1027 549 rex
1061 501 1376 565 supradictu5‚
1416 507 1551 565 pater
1585 501 1710 548 Petri

304 581 484 629 dixerat
515 579 693 644 regine,
724 578 929 626 consorti
962 595 1061 635 sue,
1096 578 1222 641 quod
1250 578 1288 625 si
1318 578 1363 624 in
1394 577 1558 640 quinto
1590 578 1709 625 lecto

302 675 385 707 suo
402 657 504 721 ipsa
523 673 617 704 non
638 655 833 703 haberet
853 655 1017 713 filium,
1039 655 1098 704 de
1118 661 1275 703 cetero
1296 655 1446 719 ipsam
1466 671 1560 703 non
1581 671 1709 702 asso-

301 735 473 791 ciaret3
503 739 549 781 et
574 734 674 797 ipsa
699 750 791 796 que
811 732 1022 796 quintam
1047 732 1189 780 filiam
1209 731 1461 796 parturivit
1486 731 1544 779 ad
1563 747 1709 780 unum

299 811 442 859 filium
477 810 535 858 de
570 809 774 874 quadam
805 809 952 858 Judea
988 808 1198 873 ejusdem
1231 808 1324 856 diei
1360 815 1539 865 natum,
1575 824 1706 856 suam

300 887 520 935 cambivit
555 887 697 934 filiam
729 893 774 934 et
805 903 891 950 per
922 886 987 934 sic
1011 890 1176 934 Petrus
1204 885 1410 933 indebite.
1440 884 1708 933 obtinuerat

300 981 539 1012 coronam.
577 964 694 1023 Quid
733 980 847 1012 vero
884 963 942 1011 sit
978 963 1103 1020 inde,
1143 962 1304 1010 lectori
1340 962 1553 1025 relinquo
1587 961 1707 1009 diffi-

302 1041 543 1089 niendum.

364 1118 589 1166 Henricus
611 1122 766 1164 autem
787 1117 832 1164 in
850 1116 1158 1181 Arragoniam
1181 1116 1315 1180 fugiit
1338 1132 1538 1163 unacum
1559 1131 1708 1163 uxore

302 1212 384 1243 sua
419 1201 465 1242 et
493 1194 651 1241 liberis
682 1199 728 1241 et
754 1193 818 1241 ibi
851 1194 979 1242 stetit
1010 1210 1158 1257 usque
1195 1193 1308 1241 dum
1333 1198 1708 1257 prememoratus

301 1272 518 1336 Hispanie
542 1278 588 1318 et
613 1271 804 1319 Castelle
825 1288 909 1318 rex
928 1274 1093 1319 Petrus
1113 1270 1301 1334 scripsit
1327 1270 1426 1335 regi
1452 1269 1707 1334 Arragonie

302 1349 428 1412 quod
455 1365 675 1414 guerram
702 1347 789 1396 sibi
816 1347 1006 1405 faceret,
1036 1347 1075 1395 si
1101 1347 1158 1396 ab
1185 1364 1241 1395 eo
1264 1364 1411 1412 regno
1437 1364 1522 1396 suo
1549 1347 1706 1411 ipsum

301 1442 391 1473 non
420 1426 621 1490 fugaret.

364 1506 462 1551 Rex
494 1508 650 1550 autem
681 1502 871 1550 Francie
900 1503 1097 1551 Karolus
1122 1501 1401 1559 Bertrando,
1431 1500 1705 1549 marescallo

299 1595 401 1636 suo,
426 1580 633 1644 regimen
655 1580 931 1627 societatum
951 1579 1160 1637 tradidit,
1181 1578 1241 1626 ad
1262 1595 1340 1627 eas
1361 1579 1408 1626 in
1429 1577 1701 1641 Hispaniam

301 1655 678 1713 conducendum,
726 1673 920 1719 sperans
961 1673 1019 1703 ex
1065 1656 1112 1702 vi
1160 1656 1432 1704 earumdem
1481 1655 1704 1719 adjuvare

300 1747 461 1795 regem
493 1732 617 1794 Cipri
650 1731 709 1779 ad
741 1732 1125 1794 conquerendum
1155 1748 1354 1796 regnum
1387 1730 1707 1780 jherosolimi-

299 1814 477 1856 tanum.
506 1812 607 1856 Jam
635 1808 759 1855 enim
793 1808 1139 1872 conquisiverat
1170 1808 1501 1857 Alexandriam
1529 1808 1701 1873 Egipti‚

300 1884 381 1931 sed
407 1884 551 1932 frater
571 1884 670 1948 ejus
689 1901 778 1947 pro
806 1885 999 1948 pecunia
1023 1901 1164 1947 quam
1183 1885 1424 1932 Sarraceni
1445 1885 1532 1933 sibi
1558 1884 1702 1933 dede-

298 1967 424 2019 runt,
454 1967 506 2009 ut
529 1962 721 2025 quidam
747 1961 985 2018 dixerunt,
1015 1978 1121 2010 eum
1149 1961 1290 2026 proth
1321 1961 1481 2009 dolor!
1513 1961 1701 2010 occidit.

361 2038 646 2086 Bertrandus
687 2038 820 2085 duxit
858 2039 1077 2086 comitem
1114 2037 1337 2095 Marchie‚
1379 2038 1703 2086 marescallum

298 2113 647 2173 d'Audenehen‚
669 2115 906 2163 Oliverum
922 2115 979 2163 de
996 2115 1164 2171 Mauni,
1188 2117 1435 2180 Hugonem
1454 2115 1512 2163 de
1527 2118 1706 2163 Kavre-

298 2191 414 2254 laye,
446 2192 641 2240 Balbum
676 2192 734 2240 de
760 2192 964 2242 Villaniis
996 2199 1042 2240 et
1072 2209 1236 2240 omnes
1269 2192 1513 2240 societates
1539 2209 1704 2256 supra-

298 2267 445 2315 dictas
468 2286 632 2316 versus
655 2269 933 2318 Avinionem
958 2269 1016 2317 ad
1041 2273 1230 2333 Papam,
1256 2269 1314 2316 ad
1345 2269 1431 2316 sibi
1458 2269 1702 2333 requiren-

299 2344 405 2391 dam
445 2361 637 2392 suorum
675 2353 975 2409 peccatorum
1020 2347 1204 2409 plenam
1245 2346 1604 2394 absolutionem.
1646 2349 1705 2393 Et

298 2421 511 2468 Urbanus
543 2424 664 2485 Papa
696 2426 786 2471 VIus
821 2423 1057 2471 levaverat
1086 2440 1229 2486 super
1254 2423 1566 2471 communiam
1597 2423 1703 2470 ville

296 2497 619 2546 Avinionensis
658 2516 888 2547 sommam
925 2507 1112 2548 centum
1145 2501 1268 2548 milia
1305 2501 1571 2548 francorum
1604 2500 1703 2547 auri

297 2573 354 2620 ad
381 2573 588 2622 dandum
617 2591 723 2622 cum
755 2576 893 2638 plena
924 2577 1216 2625 absolutione
1249 2577 1442 2640 prefatis
1471 2576 1703 2625 societati-

298 2649 406 2706 bus3
445 2652 528 2699 sed
562 2653 847 2700 Bertrandus
886 2654 993 2702 fecit
1029 2655 1242 2703 eamdem
1284 2654 1530 2718 pecuniam
1565 2652 1699 2701 reddi

299 2727 560 2774 communic
594 2729 860 2792 supradicte
894 2737 939 2777 et
975 2732 1121 2778 voluit
1156 2748 1259 2778 eam
1296 2731 1467 2778 habere
1507 2730 1565 2778 de
1599 2729 1699 2775 the-
