1923 3358
141 285 244 331 1341]
411 288 781 320 CHRONOGRAPHIA
809 287 962 320 REGUM
987 286 1266 319 FRANCORUM.
1475 284 1539 319 477

139 387 159 411 c<
191 368 226 414 si
254 366 387 414 daret
413 367 453 414 ei
474 367 697 415 heredem
720 366 779 413 de
796 384 933 414 carne
955 384 1053 423 sua,
1078 382 1276 414 unacum
1298 382 1437 430 posse
1456 383 1540 414 suo

137 464 158 488 <t
190 443 339 491 abiret
365 461 508 507 super
533 448 707 491 Turcos
735 444 946 491 infideles
972 444 1030 490 ad
1054 443 1385 492 vindicandum
1413 460 1540 491 mor-

137 540 156 564 «
189 526 286 568 tem
311 521 496 569 Christi.
528 521 775 568 Exaudivit
800 526 956 568 autem
982 521 1204 568 Dominus
1229 537 1395 584 preces
1419 520 1535 585 ejus,

136 617 156 641 «
188 598 447 662 eademque
492 603 626 644 nocte
657 597 803 660 jacuit
841 613 948 644 cum
985 613 1133 644 uxore
1175 614 1256 644 sua
1291 604 1337 645 et
1379 599 1540 662 genuit

136 693 156 719 «
186 676 461 730 Johannem,
491 674 658 721 ducem
685 689 837 736 nuper
867 673 1155 721 defunctum.
1195 675 1385 722 Interim
1416 692 1539 723 anno

135 771 154 795 c<
185 751 395 816 sequenti
421 751 580 815 genuit
605 750 746 797 alium
770 749 936 807 filium,
960 750 1039 814 qui
1065 750 1214 798 Guido
1237 756 1430 799 vocatus
1446 758 1534 800 est.

134 848 154 872 <‹
186 829 269 876 Hic
292 828 378 875 fuit
403 832 538 891 pater
563 827 724 875 uxoris
749 843 871 874 mee.

197 925 218 950 (ι
248 908 507 967 Posteaque
532 904 646 961 dux,
677 921 825 952 uxore
856 920 937 951 sua
967 903 1207 961 valefacta,
1239 921 1325 968 pro
1352 905 1421 952 sui
1441 907 1538 953 voti

133 1002 154 1027 α
185 981 529 1045 complemento
573 982 707 1045 quasi
744 998 852 1029 cum
887 981 1050 1028 decem
1091 981 1278 1029 milibus
1321 982 1536 1031 soldariis

132 1079 152 1104 <‹
184 1059 375 1106 intravit
400 1075 546 1116 mare,
587 1064 862 1122 tantumque
894 1058 1129 1122 navigavit
1161 1058 1287 1121 quod
1317 1059 1539 1122 applicuit

132 1156 152 1181 c<
181 1136 240 1184 ad
259 1136 518 1183 Damietam
540 1135 586 1182 in
602 1136 840 1200 Egiptum,
865 1152 1007 1198 quam
1026 1136 1176 1199 prima
1196 1135 1311 1183 facie
1328 1135 1532 1184 obsedit.

132 1233 152 1257 ιι
185 1212 413 1261 Soldanus
457 1229 645 1276 quoque
692 1213 913 1277 Egiptum
965 1212 1124 1261 exiens
1177 1229 1284 1260 cum
1337 1212 1538 1260 maxima

134 1311 153 1335 «
184 1295 434 1354 potestate,
459 1289 613 1337 subito
640 1289 924 1337 Christianos
946 1289 1196 1352 subripuit,
1221 1290 1284 1336 ita
1303 1295 1355 1337 ut
1375 1306 1539 1338 omnes

133 1387 152 1412 ς(
185 1372 342 1415 essent
375 1367 546 1414 mortui
582 1366 654 1413 vel
687 1366 833 1429 capti;
874 1383 982 1413 nam
1008 1366 1128 1413 inter
1159 1383 1240 1413 eos
1273 1372 1436 1430 captus
1469 1371 1540 1414 est

133 1463 153 1488 α
185 1443 281 1491 dux
298 1460 352 1490 ac
369 1443 550 1506 positus
570 1443 617 1490 in
641 1442 845 1491 obscuro
862 1459 1065 1500 carcere,
1089 1443 1169 1491 ubi
1192 1443 1416 1491 remansit
1433 1460 1539 1507 spa-

133 1540 154 1565 «
186 1520 257 1567 cio
292 1519 456 1567 decem
486 1535 718 1567 annorum
754 1519 827 1566 vel
864 1519 1065 1582 amplius
1104 1538 1113 1566 :
1149 1519 1212 1567 ita
1252 1526 1303 1567 ut
1341 1520 1540 1568 barones

134 1616 153 1642 ε(
185 1596 445 1652 Britannie,
488 1596 759 1644 estimantes
795 1612 904 1643 eum
938 1596 1039 1643 fore
1074 1602 1342 1654 mortuum,
1381 1596 1540 1644 habito

134 1692 153 1716 c<
186 1673 307 1720 inter
339 1690 388 1720 se
423 1672 679 1736 colloquio,
727 1672 960 1720 ducissam
992 1688 1191 1719 uxorem
1228 1672 1351 1736 ejus,
1396 1672 1538 1719 invita

133 1769 153 1794 ε(
184 1750 287 1813 ipsa
340 1749 683 1813 desponsarent
738 1749 895 1797 comiti
948 1749 1282 1806 Montisfortis;
1335 1749 1393 1796 de
1449 1766 1540 1813 qua

132 1846 152 1870 ((
184 1826 344 1874 habuit
377 1827 525 1874 filium
559 1832 853 1890 presentem,
889 1826 1064 1874 scilicet
1096 1826 1315 1873 comitem
1350 1827 1539 1875 Montis-

133 1921 154 1947 «
185 1903 366 1950 fortis1.
389 1904 461 1951 Sic
484 1920 597 1968 ergo
624 1904 810 1951 fuerunt
831 1909 928 1950 tres
949 1903 1137 1960 fratres,
1157 1903 1389 1951 Johannes
1410 1902 1540 1949 vide-

133 1999 152 2024 «
185 1980 291 2027 licet
312 1985 358 2027 et
375 1980 542 2036 Guido,
565 1986 699 2044 pater
715 1980 877 2028 uxoris
904 1996 1024 2035 mee,
1054 1979 1283 2043 germani,
1313 1984 1359 2026 et
1380 1996 1540 2027 comes

132 2075 151 2100 (ι
184 2056 506 2113 Montisfortis,
542 2057 640 2120 qui,
671 2063 722 2104 ut
754 2062 900 2120 patet,
939 2056 1077 2103 nichil
1114 2056 1254 2103 debet
1287 2056 1334 2102 in
1369 2055 1538 2103 ducatu

131 2153 151 2178 ι(
181 2133 372 2189 habere,
404 2133 486 2181 sed
513 2139 583 2180 est
602 2133 928 2181 tantummodo
953 2133 1090 2180 heres
1117 2132 1437 2181 Montisfortis.

198 2229 218 2254 «
249 2209 428 2257 Accidit
453 2209 626 2273 itaque,
663 2210 745 2257 Dei
770 2209 1066 2273 providentia
1097 2208 1224 2271 quod
1257 2208 1409 2256 dictus
1442 2208 1539 2257 dux

132 2307 152 2331 ε(
183 2287 407 2334 liberatus
433 2292 503 2333 est
528 2286 587 2334 de
617 2303 802 2334 carcere
836 2289 1200 2335 sarracenorum
1230 2286 1318 2333 hoc
1350 2286 1493 2335 modo
1524 2305 1533 2334 :

177 2425 209 2459 1.
232 2423 264 2458 Il
295 2423 376 2458 faut
401 2433 474 2470 que
504 2422 696 2458 Froissart
725 2423 776 2458 ait
806 2433 853 2458 eu
883 2422 1164 2458 connaissance
1190 2422 1235 2458 de
1256 2427 1357 2459 cette
1377 2423 1537 2470 legende

129 2494 178 2519 ou
198 2482 243 2518 de
265 2483 429 2529 quelque
451 2481 638 2517 tradition
659 2482 864 2528 analogue,
888 2493 954 2518 car
980 2482 1007 2516 il
1032 2481 1085 2517 dit
1113 2492 1187 2529 que
1215 2482 1252 2518 la
1278 2487 1469 2518 comtesse
1490 2482 1535 2518 de

128 2542 234 2578 Blois
259 2555 273 2575 «
298 2541 412 2577 estoit
438 2541 523 2587 plus
544 2540 726 2588 procaine
748 2551 820 2587 que
849 2540 876 2575 li
905 2545 1039 2576 contes
1060 2540 1105 2577 de
1126 2541 1326 2586 Montfort,
1347 2543 1413 2586 qui
1433 2543 1536 2576 estoit

132 2615 148 2634 α
169 2601 258 2637 d'un
278 2604 400 2636 aultre
417 2611 501 2645 pere
521 2602 588 2645 qui
607 2610 740 2644 onques
760 2599 898 2635 n’avoz‘t
917 2604 1000 2636 estet
1020 2601 1087 2635 dus
1113 2601 1153 2636 de
1173 2602 1362 2646 Bretaqne.
1389 2614 1404 2633 »
1429 2600 1534 2635 Cette

129 2669 277 2704 erreur,
311 2670 384 2706 que
413 2659 464 2694 M.
497 2658 536 2694 S.
566 2659 670 2695 Luce
698 2658 862 2694 attribue
893 2660 914 2694 a
943 2669 1019 2695 une
1046 2659 1343 2705 inadvertanee,
1372 2669 1419 2694 ne
1445 2664 1536 2705 peut

131 2718 362 2764 s’expliquer
382 2717 539 2764 qu'avec
561 2716 672 2752 l’aide
687 2716 732 2752 de
747 2722 857 2753 notre
872 2722 976 2754 texte
993 2717 1210 2764 (Froissart,
1225 2718 1284 2754 ed.
1302 2717 1420 2761 Luce,
1436 2722 1462 2753 t.
1481 2717 1533 2764 ΙΙ,

131 2788 166 2824 p.
191 2776 275 2820 106;
299 2778 402 2820 ibid„
428 2788 462 2823 p.
486 2788 642 2823 xxxvm,
666 2781 754 2813 note
779 2777 824 2821 1).

272 2840 303 2870 ΙΙ
1351 2835 1393 2872 12
