1923 3358
345 277 411 313 30⁶2
616 277 987 310 CHRONOGRAPHIA
1013 277 1166 309 REGUM
1190 275 1468 309 FRANCORUM.
1641 274 1745 321 [1365

344 361 451 407 dam
476 365 603 406 terra
632 356 827 403 fertilior
852 355 1080 420 ejusdem,
1113 363 1224 403 tunc
1250 355 1382 402 Turci
1409 355 1568 418 plures
1594 356 1748 419 irrup-

344 436 492 481 tiones
502 432 731 488 faciendo,
747 432 834 479 sibi
849 448 1064 496 magnam
1076 431 1444 494 inquietudinem
1455 431 1744 496 ingerebant.

343 514 548 573 Cumque
566 509 913 557 hastiludiasset
936 509 1194 573 imperator
1208 509 1245 567 1,
1271 509 1446 557 dictum
1467 514 1539 557 est
1558 509 1599 556 ei
1621 508 1749 572 quod

344 603 580 651 nunquam
606 586 760 634 visum
787 586 939 634 fuerat
963 586 1092 649 quod
1119 586 1376 650 imperator
1400 585 1746 641 hastiludiaret3

341 671 449 712 tunc
474 664 731 728 imperator
751 663 994 727 respondit
1014 664 1142 727 quod
1163 665 1302 711 etiam
1323 679 1562 727 nunquam
1583 662 1750 726 aliquis

340 758 424 789 rex
458 741 583 805 Cipri
619 741 749 789 visus
781 741 935 789 fuerat
967 741 1011 788 in
1052 741 1140 789 illis
1178 740 1407 804 partibus.
1438 743 1495 788 Et
1525 739 1750 787 recedens

340 819 465 875 inde,
494 835 579 866 rex
604 818 730 882 Cipri
762 819 874 866 abiit
899 819 1133 876 Venetias,
1162 819 1364 882 indeque
1396 835 1526 866 mare
1557 817 1750 865 intravit

340 902 385 944 et
415 895 562 943 tristis
596 902 643 943 et
678 895 858 951 dolens,
889 896 997 958 quia
1028 895 1205 943 nullum
1237 896 1458 959 sperabat
1489 894 1750 943 subsidium

340 973 399 1021 ab
436 973 523 1021 hiis
554 972 635 1036 qui
672 973 1003 1037 promiserant,
1037 989 1090 1020 ac
1125 973 1170 1019 in
1208 989 1409 1037 regnum
1448 989 1585 1020 suum
1623 972 1750 1035 Cipri

341 1048 677 1097 transfretavit.

404 1125 579 1172 Deinde
602 1124 661 1171 ad
681 1124 1022 1172 ostendendam
1042 1124 1296 1172 inherciam
1315 1125 1749 1188 prenominatorum

342 1209 388 1250 et
419 1202 615 1249 aliorum
648 1202 914 1265 principum
946 1201 1316 1259 Christianitatis,
1350 1209 1397 1250 et
1430 1202 1557 1265 quod
1591 1219 1676 1266 per
1702 1219 1752 1249 se

343 1296 434 1327 non
455 1279 763 1327 obmiteretur
789 1279 901 1343 quin
927 1283 1067 1327 Terra
1093 1279 1422 1328 Promissionis
1448 1296 1752 1345 recuperare—

343 1362 419 1404 tur
452 1356 498 1402 vi
536 1372 778 1403 armorum
821 1372 963 1418 super
999 1358 1307 1413 Sarracenos,
1343 1356 1423 1420 qui
1461 1362 1572 1404 tunc
1608 1356 1751 1404 armis

340 1432 571 1496 inexperti
606 1438 739 1479 erant
777 1438 824 1480 et
857 1432 1164 1496 possidebant
1198 1433 1411 1481 eamdem
1448 1434 1495 1481 in
1536 1434 1752 1481 maximis

340 1510 495 1574 quiete
520 1515 568 1557 et
586 1509 779 1568 deliciis,
809 1516 1094 1574 congregato
1115 1526 1286 1575 magno
1312 1511 1538 1568 exercitu,
1562 1510 1752 1558 intravit

341 1603 468 1634 mare
491 1592 537 1634 et
562 1587 741 1650 appulit
766 1586 825 1634 ad
852 1593 1042 1650 portum
1068 1587 1346 1636 Alexandrie
1371 1588 1542 1653 Egipti,
1566 1605 1657 1652 que
1681 1593 1753 1636 est

341 1663 502 1711 civitas
541 1669 796 1726 prepotens
831 1669 877 1710 et
912 1663 1281 1726 opulentissima.
1312 1668 1437 1711 Tunc
1468 1665 1528 1711 illi
1557 1664 1616 1712 de
1641 1665 1753 1711 civi-

343 1746 452 1795 tate,
476 1739 690 1786 videntes
713 1756 795 1786 eos
814 1745 1004 1802 portum
1028 1746 1207 1802 petere,
1230 1740 1366 1788 simul
1393 1747 1439 1788 et
1464 1741 1562 1788 sine
1588 1741 1752 1789 ordine

342 1823 503 1864 contra
519 1832 600 1863 eos
616 1816 831 1863 exierunt
849 1815 909 1863 ad
932 1816 1190 1864 tollendum
1209 1817 1277 1863 eis
1296 1824 1502 1880 portum.
1521 1821 1619 1866 Rex
1640 1835 1752 1866 vero

343 1899 387 1940 et
419 1892 488 1939 sui
521 1892 744 1939 velociter
775 1892 988 1939 exierunt
1022 1892 1080 1939 de
1113 1893 1231 1939 mari
1257 1910 1400 1956 super
1427 1899 1618 1951 terram,
1649 1895 1752 1942 Ale-

342 1967 688 2030 xandrinosque
733 1967 952 2014 audacter
999 1968 1326 2032 aggredientes
1342 2007 1352 2025 ‚
1401 1970 1754 2034 compulserunt

341 2062 422 2093 eos
456 2045 519 2092 ita
550 2043 736 2108 regredi
770 2044 817 2090 in
844 2044 1080 2091 civitatem
1107 2061 1257 2099 suam,
1292 2045 1420 2108 quod
1453 2063 1652 2094 unacum
1685 2047 1752 2094 eis

342 2123 632 2169 intraverunt
658 2121 705 2167 in
731 2136 834 2167 eam
859 2136 912 2168 ac
940 2137 1047 2168 cum
1079 2137 1249 2186 magna
1284 2122 1520 2186 sanguinis
1554 2123 1751 2171 Alexan-

341 2197 586 2244 drinorum
605 2197 845 2254 effusione,
869 2197 1033 2244 lucrati
1059 2204 1169 2245 sunt
1189 2197 1426 2246 civitatem
1449 2217 1457 2246 :
1482 2200 1616 2263 pauci
1638 2216 1751 2247 vero

343 2273 586 2321 Christiani
613 2280 721 2322 sunt
745 2273 885 2321 occisi
898 2276 933 2320 ἱ).

342 2427 391 2463 ou
412 2426 458 2462 ils
480 2426 702 2463 trouverent
723 2428 756 2463 le
780 2428 987 2465 souverain
1007 2427 1056 2464 du
1078 2439 1173 2476 pays
1193 2435 1230 2465 et
1252 2429 1285 2466 le
1309 2429 1363 2466 roi
1384 2429 1430 2466 de
1456 2429 1629 2479 Hongrie
1649 2442 1749 2469 venu

342 2498 438 2533 pour
458 2486 635 2523 conferer
655 2486 698 2522 de
722 2487 757 2523 la
778 2487 950 2524 croisade
971 2487 1138 2535 projetee
1162 2490 1279 2535 (shift,
1304 2500 1339 2536 p.
1364 2489 1408 2526 39
1429 2490 1451 2526 a.
1472 2490 1542 2536 42).

392 2560 418 2591 1.
671 2558 867 2600 Brietment,
890 2560 931 2592 ils
947 2561 1139 2601 joustereut
1159 2560 1346 2602 ensamble,

673 2612 715 2642 Et
737 2612 946 2654 temperare,
968 2623 1004 2646 ce
1024 2622 1079 2646 me
1100 2613 1244 2655 semble,

673 2666 793 2696 Jousta
813 2675 895 2698 avec
915 2667 963 2699 les
983 2670 1099 2700 autres
1120 2677 1210 2708 royS‚

673 2718 738 2756 Qui
759 2719 905 2751 estoient
925 2729 965 2752 en
986 2730 1085 2762 grans
1104 2721 1224 2753 arrois.
1408 2720 1525 2763 (Ihm,
1546 2729 1580 2762 p.
1601 2719 1666 2759 42.)

392 2783 426 2819 52.
452 2783 616 2820 Suivant
637 2784 691 2819 M.
714 2784 758 2819 (lc
782 2785 863 2819 Mas
892 2786 1019 2823 Latrie
1042 2788 1211 2832 (Histoire
1232 2788 1272 2822 tle
1299 2789 1371 2822 l'i-le
1398 2787 1439 2821 de
1465 2787 1615 2831 Chyprc,
1644 2793 1668 2820 t.
1694 2785 1745 2832 ΙΙ,
