1923 3358
134 290 237 335 (1345]
403 293 772 325 CHRONOGRAPHIA
800 293 952 325 REGUM
978 292 1256 325 FRANCORUM.
1468 287 1534 323 ‘209

132 376 177 416 et
205 370 383 433 positus
408 370 453 417 in
480 387 665 418 carcere
694 372 793 436 ejus
822 372 901 434 qui
927 372 1095 418 dicitur
1119 371 1279 435 gallice
1303 369 1529 428 oubliette‚

129 446 209 493 ubi
236 453 450 495 mortuus
476 447 590 495 est¹.

193 526 328 572 Anno
354 524 582 587 sequenti,
613 524 783 571 scilicet
805 524 857 571 M⁰
882 524 988 572 CCC⁰
1015 539 1126 581 XLV,
1158 524 1393 572 modicum
1424 528 1533 587 post

127 600 482 648 decollationem
509 600 741 646 dictorum
770 600 1064 654 traditorum,
1100 617 1184 648 rex
1217 602 1378 665 Anglie
1408 601 1532 648 misit

127 676 186 724 ad
217 680 389 740 Papam
419 677 701 724 Clementem
731 681 932 733 sextum,
965 677 1231 739 supplicans
1258 678 1299 724 ei
1325 683 1375 725 ut
1401 694 1532 724 man-

127 753 260 800 daret
294 752 528 815 Philippo,
564 752 664 816 regi
696 752 907 808 Francie,
947 752 1164 815 quatinus
1198 752 1419 800 redderet
1445 753 1531 800 sibi

125 831 394 877 comitatum
416 828 595 876 Pontivi
621 834 667 875 et
692 835 868 875 terram
893 846 1034 891 quam
1055 830 1263 876 saisierat
1288 830 1334 876 in
1360 834 1530 879 Vasco-

124 907 220 963 nia,
262 906 465 969 alioquin
500 911 798 969 recuperaret
824 922 925 953 eam
954 906 994 952 vi
1032 922 1274 953 armorum
1304 913 1529 969 tanquam

123 983 364 1047 propriam
387 982 710 1030 hereditatem.

185 1060 330 1124 Hujus
365 1076 502 1107 causa
538 1059 662 1106 misit
699 1062 822 1122 Papa
859 1058 917 1106 ad
956 1075 1116 1122 regem
1156 1060 1346 1107 Francie
1384 1076 1529 1107 unum

120 1137 433 1200 patriarcham
448 1136 527 1199 qui
545 1136 828 1200 significaret
849 1135 890 1182 ei
910 1143 1178 1198 requestam
1198 1137 1323 1200 regis
1345 1137 1524 1201 Anglie.

121 1217 177 1261 Et
203 1230 287 1260 rex
308 1213 516 1269 Francie,
547 1212 701 1259 audita
729 1212 995 1276 hujusmodi
1021 1219 1256 1275 requesta‚
1286 1212 1530 1276 respondit

121 1290 274 1339 eidem
301 1289 561 1353 patriarche
589 1289 716 1352 quod
742 1289 862 1336 bene
894 1295 939 1335 et
969 1289 1169 1336 fideliter
1194 1289 1529 1337 informaverat

121 1384 258 1430 pares
277 1367 410 1431 regni
427 1367 496 1414 sui
515 1366 573 1413 de
593 1366 680 1413 hoc
701 1366 826 1428 quod
845 1366 1110 1429 postulabat
1126 1383 1215 1430 pro
1237 1384 1347 1431 rege
1367 1367 1529 1431 Anglie

169 1535 200 1570 1.
222 1534 345 1570 Henri
365 1534 410 1570 de
431 1534 658 1580 Malestroit,
681 1535 778 1570 frere
799 1534 844 1571 de
866 1535 1035 1571 Geoffroi
1050 1535 1094 1571 de
1110 1535 1340 1582 Malestroit,
1355 1536 1526 1573 enferme

118 1592 272 1629 d'ahord
297 1603 345 1627 au
373 1592 530 1638 Temple
552 1592 596 1628 de
628 1592 752 1637 Paris,
780 1592 835 1628 fut
862 1593 1014 1628 ensuite
1045 1592 1260 1629 cond-amne
1288 1593 1309 1628 a
1336 1594 1372 1629 la
1394 1594 1526 1640 prison

116 1651 366 1698 perpetuelle,
396 1652 506 1698 apres
534 1650 642 1687 avoir
668 1651 727 1686 ete
755 1652 939 1697 promene
960 1662 1027 1697 par
1056 1651 1093 1686 la
1120 1651 1209 1687 ville
1240 1656 1277 1686 et
1306 1653 1447 1698 expose
1476 1664 1524 1688 au

117 1708 242 1755 pilori.
265 1707 377 1744 Voici
397 1708 432 1743 le
453 1708 744 1755 proces-verbal
765 1708 810 1744 de
832 1708 1065 1744 l'execution
1086 1708 1131 1744 de
1153 1709 1188 1743 la
1210 1714 1394 1745 sentence
1420 1723 1426 1744 :

168 1781 182 1800 «
205 1767 299 1802 L’an
321 1767 359 1802 M
374 1766 462 1802 CCC
477 1767 642 1812 XLIIII,
661 1767 694 1804 le
716 1767 839 1803 mardi
859 1773 926 1803 X11⁸
943 1768 1031 1815 jour
1050 1767 1250 1814 d'ottobre,
1268 1768 1305 1804 fu
1322 1768 1525 1816 condemp-

120 1838 134 1858 «
158 1836 227 1861 nez
256 1825 413 1861 maistre
440 1825 582 1861 Henris
607 1825 652 1861 de
680 1825 909 1872 Malestrait,
938 1826 1098 1871 Breton,
1126 1826 1329 1873 chapelain
1350 1825 1399 1861 du
1422 1826 1523 1873 Pape

119 1898 134 1918 «
157 1877 195 1920 et
210 1885 368 1921 maistre
383 1885 448 1921 des
465 1892 663 1932 requestes
684 1885 728 1921 de
744 1886 865 1922 l’ostel
882 1886 915 1921 le
933 1886 1032 1933 Roy,
1047 1897 1115 1932 par
1129 1886 1321 1933 l'evesque
1337 1885 1382 1921 de
1400 1886 1522 1932 Paris,

120 1958 136 1977 «
159 1944 381 1980 comissaire
402 1944 451 1979 du
473 1945 589 1991 Pape,
611 1956 706 1991 pour
722 1946 775 1980 les
796 1949 964 1980 traisons
985 1951 1022 1980 et
1042 1945 1294 1980 mauvaistiez
1316 1944 1406 1991 qu’il
1429 1955 1521 1980 con-

119 2017 135 2036 «
158 2004 258 2039 fessa
284 2004 392 2040 avoir
413 2004 523 2039 faites
544 2016 591 2039 au
614 2004 714 2052 Roy,
746 2005 930 2041 seditions
959 2004 1008 2039 du
1030 2004 1204 2050 puepple,
1228 2003 1321 2040 dont
1342 2004 1519 2050 pluseurs

119 2076 134 2096 «
158 2062 389 2107 homicides,
424 2062 667 2109 sacrilaiges,
703 2063 963 2099 ravissemens
999 2063 1043 2098 de
1078 2063 1198 2098 fames
1232 2068 1269 2098 et
1301 2068 1410 2098 autre
1443 2063 1521 2098 mal

119 2135 133 2156 α
157 2121 323 2158 estoient
344 2133 470 2158 avenu
491 2133 541 2158 en
560 2122 784 2170 Bretaigne,
806 2123 1008 2158 machiner
1030 2133 1079 2158 en
1094 2122 1130 2157 la
1145 2129 1245 2157 mort
1261 2121 1310 2157 du
1326 2122 1413 2169 Roy
1432 2122 1519 2157 Phi-

119 2196 134 2215 «
157 2181 270 2228 lippe,
293 2181 346 2216 lui
366 2182 500 2228 pourte
522 2193 672 2218 comme
695 2182 910 2218 lieutenant
938 2182 986 2217 du
1015 2182 1102 2228 Roy
1123 2181 1393 2229 d’Angleterre
1418 2188 1454 2218 et
1475 2182 1520 2217 de

118 2254 132 2274 «
156 2241 299 2285 Jehan,
322 2246 434 2276 conte
460 2240 505 2276 de
533 2241 732 2287 Montfort,
755 2252 905 2277 comme
926 2240 998 2276 (luc
1020 2241 1065 2277 de
1087 2240 1312 2287 Bretaigne,
1335 2247 1372 2276 et
1392 2240 1519 2277 donne

119 2313 133 2333 «
158 2300 304 2344 lettres,
333 2310 422 2335 souz
453 2310 522 2335 son
544 2300 636 2345 secl,
665 2310 814 2336 comme
844 2299 1073 2343 lieutenant,
1102 2304 1139 2335 et
1168 2299 1360 2346 plusieurs
1389 2304 1518 2335 autres

118 2373 133 2392 «
156 2358 422 2394 mauvaistiez.
456 2358 497 2393 Si
526 2358 564 2394 fu
597 2358 838 2405 condempne
868 2370 935 2404 par
966 2363 1149 2393 sentence
1180 2357 1383 2394 diffinitive
1412 2358 1518 2394 (ludit

119 2431 133 2452 «
156 2429 323 2464 evesque
344 2419 366 2452 a
386 2428 521 2453 courre
549 2418 584 2453 la
604 2417 692 2453 ville
719 2417 764 2453 de
792 2417 902 2453 Paris
927 2428 996 2463 par
1023 2418 1078 2452 les
1104 2428 1192 2453 rues
1213 2422 1250 2453 et
1271 2410 1517 2464 quarrefours

117 2490 133 2509 <‹
156 2487 220 2511 sus
242 2488 252 2510 1
272 2476 428 2519 tumrel,
451 2475 520 2510 liez
542 2486 590 2511 en
613 2486 654 2510 sa
674 2480 772 2510 teste
800 2486 875 2511 une
907 2485 1076 2511 coronne
1097 2474 1141 2511 de
1163 2476 1390 2521 parchemin
1412 2487 1460 2512 en
1481 2476 1517 2511 la

116 2548 131 2568 α
154 2544 267 2570 cause
293 2533 339 2569 de
366 2545 408 2569 sa
434 2532 766 2579 condempnacion
793 2533 907 2568 estoit
935 2533 1099 2579 escripte
1126 2532 1170 2569 de
1199 2545 1352 2580 grosses
1381 2534 1514 2570 lettres

116 2607 132 2627 «
154 2593 293 2640 roiges,
310 2598 346 2628 et.
364 2592 447 2639 puis
465 2597 566 2627 estre
586 2591 660 2626 mis
681 2602 730 2627 en
751 2591 928 2627 l’eschele
950 2602 997 2627 ou
1018 2591 1145 2638 parvis
1166 2591 1455 2628 Nostre-Dame
1478 2598 1515 2628 et

117 2665 131 2685 ι(
154 2652 239 2698 puis
259 2651 281 2686 a
301 2656 401 2687 estre
422 2650 729 2696 perpetuelment
757 2656 794 2685 et
823 2649 942 2685 morir
973 2661 1021 2685 en
1049 2650 1201 2686 chartre
1227 2650 1445 2697 perpetuele
1467 2661 1515 2685 au

117 2723 133 2743 (ι
154 2709 244 2756 pain
264 2708 309 2745 de
329 2708 490 2744 douleur
511 2713 547 2743 et
568 2708 590 2742 a
612 2707 705 2754 l’age
730 2709 803 2752 (sic)
825 2706 870 2742 de
896 2706 1067 2753 tristece5
1090 2713 1194 2744 etc...
1222 2721 1236 2740 »
1262 2707 1392 2751 (Arch.
1417 2713 1514 2754 nat.,

113 2769 238 2815 X2A4,
260 2768 322 2804 fol.
349 2767 412 2804 188
433 2774 484 2804 νο.
503 2787 548 2793 -—
569 2765 624 2802 Gf.
650 2768 810 2803 Grandes
831 2767 1067 2811 Chrom‘ques‚
1091 2772 1118 2802 t.
1142 2766 1191 2811 V,
1213 2778 1248 2812 p.
1272 2766 1339 2802 435
1360 2772 1398 2802 et
1417 2766 1512 2813 4361.)

259 2837 289 2868 ΙΙ
1331 2833 1372 2869 14
