1923 3358
147 245 253 291 1359]
417 248 787 282 CHRONOGRAPHIA
814 251 967 282 REGUM
993 250 1273 284 FRANCORUM.
1483 248 1551 286 ‘287

146 327 245 384 ciis,
281 327 367 375 nisi
400 328 486 376 sub
519 328 695 376 tributo
730 335 776 375 et
812 345 897 391 per
935 329 1115 376 salvum
1153 329 1436 398 conductum
1472 338 1552 378 aut

146 403 234 451 sub
264 405 472 468 periculo
505 405 745 452 amittendi
781 421 954 468 corpus
988 411 1035 453 et
1067 406 1235 453 bona¹.
1273 409 1400 453 Tunc
1431 407 1553 454 nulla

141 480 340 544 justicia,
366 483 487 530 nulla
513 482 709 546 equitas,
740 482 955 545 nullaque
980 482 1056 530 lex
1083 483 1309 547 regnabat
1338 483 1385 530 in
1411 486 1554 531 Fran-

145 557 213 604 cia
245 575 254 604 :
285 559 367 605 sed
394 565 626 621 potentes,
654 564 750 606 tam
777 559 955 606 nobiles
980 575 1121 622 quam
1145 559 1423 624 burgenses,
1455 561 1553 609 sine

143 633 244 698 lege
269 635 520 683 crudeliter
545 635 807 682 tractabant
833 635 1070 698 subjectos
1097 652 1225 683 suos.

206 714 274 758 Eo
318 718 530 776 tempore
582 712 821 775 Philippus
871 712 929 760 de
978 716 1183 760 Navarra
1227 719 1273 761 et
1320 713 1554 762 Robertus

142 788 326 836 Canolle
352 794 577 852 ceperunt
602 788 836 836 civitatem
867 788 1316 848 Autisiodorensem‚
1345 791 1552 838 median-

141 864 266 912 tibus
306 865 588 928 quibusdam
631 865 947 930 burgensibus
987 866 1293 915 traditoribus
1331 868 1411 930 qui
1450 884 1553 916 eam

141 941 464 989 custodiebant
476 944 512 989 2.

206 1022 315 1066 Post
341 1019 425 1066 hec
447 1019 614 1067 accidit
635 1019 762 1083 quod
784 1020 882 1067 fere
902 1020 1098 1067 trecenti
1119 1020 1280 1068 rustici
1306 1020 1365 1068 de
1390 1020 1553 1069 Belva—

140 1093 264 1141 cesio
290 1095 559 1159 congregati
581 1101 689 1142 sunt
714 1095 759 1141 in
785 1095 975 1153 armis3,
999 1095 1057 1143 ad
1077 1096 1370 1160 gravandum
1395 1097 1554 1161 Angli-

140 1187 220 1218 cos
245 1171 324 1234 qui
349 1178 460 1219 tunc
487 1172 632 1219 multa
656 1171 891 1219 habebant
916 1171 1138 1221 fortalicia
1159 1173 1207 1219 in
1233 1173 1385 1236 patria
1405 1179 1451 1220 et
1471 1189 1553 1220 eos

140 1247 315 1311 pluries
356 1248 827 1312 dampnificaverant3
866 1249 926 1296 hii
967 1249 1199 1297 habebant
1233 1249 1468 1314 refugium
1505 1250 1551 1296 in

140 1325 343 1388 quadam
378 1325 546 1373 domo4
581 1342 672 1389 que
705 1326 911 1390 Longuel
952 1328 1116 1374 Sancte
1152 1327 1321 1374 Marie⁵
1358 1326 1546 1383 dicitur,

140 1420 231 1466 que
263 1404 416 1451 clausa
450 1410 547 1452 erat
579 1403 726 1451 muris
761 1404 859 1451 sine
891 1404 1094 1462 fossatis,
1124 1421 1212 1452 nec
1244 1409 1344 1452 erat
1376 1404 1436 1452 ibi
1470 1404 1552 1451 ali-

139 1481 252 1545 quid
278 1481 567 1528 deffensibile
593 1486 752 1544 preter
779 1487 983 1544 portam.

203 1562 329 1606 Tunc
354 1558 486 1623 quasi
517 1558 641 1605 mille
674 1564 720 1605 et
753 1559 959 1605 sexcenti
985 1557 1163 1622 Anglici
1192 1556 1464 1622 congregati
1490 1556 1550 1604 de

187 1728 220 1763 1.
241 1727 342 1763 Jean
364 1726 410 1763 de
431 1727 600 1763 Venette
627 1727 801 1774 exprime
829 1727 865 1763 la
885 1727 1012 1763 meme
1040 1727 1182 1774 pense'e
1204 1737 1253 1763 en
1281 1737 1344 1764 ces
1371 1732 1515 1764 termes
1539 1739 1545 1762 :

141 1800 157 1819 «
178 1786 226 1822 Et
246 1786 360 1833 pauci
380 1786 574 1822 audebant
590 1786 769 1824 incedere
790 1798 858 1834 per
879 1787 996 1833 viam,
1012 1786 1102 1834 quia
1124 1786 1255 1822 nullus
1271 1786 1317 1823 ab
1338 1786 1393 1823 eis
1414 1786 1549 1824 inven-

141 1859 156 1877 «
178 1850 241 1881 tus
262 1851 344 1882 erat
370 1846 513 1891 salvus,
539 1845 615 1881 nisi
636 1846 700 1893 qui
728 1846 774 1882 ab
795 1846 851 1882 eis
879 1846 1031 1882 salvum
1052 1845 1290 1882 conductum
1317 1845 1546 1882 litteratorie

140 1904 376 1939 «obtinebat
405 1917 420 1937 »
455 1906 677 1950 (Ghronz'que
708 1907 822 1940 latine
850 1906 892 1940 de
926 1905 1135 1941 Guillaume
1166 1906 1207 1940 de
1238 1905 1397 1949 Nanqz's,
1430 1909 1459 1939 t.
1492 1904 1545 1950 II,

138 1973 174 2008 p.
197 1962 294 2009 281).

185 2021 219 2057 2.
236 2020 413 2058 Auxerre
427 2022 558 2058 tomba
572 2034 619 2058 au
636 2022 795 2069 pouvoir
809 2022 854 2058 de
870 2021 1016 2058 Robert
1030 2021 1191 2058 Knolles
1206 2021 1241 2057 le
1255 2021 1297 2057 10
1313 2032 1417 2057 mars
1433 2020 1543 2064 1359;

138 2080 298 2117 celui-ci
328 2091 376 2116 ne.
411 2081 605 2117 consentit
631 2081 653 2116 ἐι
686 2082 879 2118 l'evacuer
904 2092 977 2128 que
1010 2081 1044 2117 le
1078 2081 1122 2117 30
1153 2080 1270 2126 avril,
1302 2085 1545 2127 moyennant

138 2151 215 2175 une
238 2151 385 2189 rancori
405 2139 451 2176 de
474 2140 603 2186 50,000
624 2145 805 2176 moutons
826 2139 906 2176 d'or
927 2141 1146 2187 (Chronique
1167 2140 1384 2185 normande,
1407 2150 1443 2186 p.
1460 2138 1543 2185 321,

139 2203 228 2234 note
252 2199 299 2244 5).

185 2257 218 2292 3.
240 2257 340 2292 Jean
366 2257 411 2292 de
439 2256 616 2301 Venette‚
638 2257 730 2293 dont
762 2257 794 2292 le
821 2256 915 2293 recit
944 2256 989 2292 de
1017 2261 1077 2293 cet
1108 2255 1261 2302 episode
1291 2260 1350 2292 est
1376 2255 1542 2301 celebre,

137 2315 273 2351 insiste
290 2327 356 2351 sur
370 2327 412 2352 ce
435 2316 504 2351 fait
518 2327 591 2363 que
612 2316 667 2351 les
682 2327 865 2363 paysans,
882 2316 973 2363 qu'il
992 2315 1129 2351 estisne
1151 2327 1199 2351 au
1214 2315 1374 2352 nombre
1395 2315 1440 2351 de
1458 2315 1542 2359 ⁶200,

137 2373 427 2421 demanderent,
450 2386 524 2421 peu
546 2380 663 2410 avant
685 2374 730 2410 de
752 2386 791 2410 se
813 2375 1029 2411 constituor
1049 2385 1098 2409 en
1118 2379 1254 2421 troupe
1278 2375 1421 2419 amice,
1444 2373 1543 2409 l’au-

136 2434 339 2470 torisation
355 2434 404 2469 du
426 2435 562 2480 regent
576 2440 613 2469 et
635 2434 729 2470 celle
745 2433 789 2470 de
811 2434 932 2469 l‘abbe
951 2433 995 2469 de
1017 2433 1339 2469 saint-Gorneille
1361 2433 1406 2469 de
1429 2432 1544 2468 Com-

135 2492 288 2539 pffigne,
311 2493 393 2528 leur
419 2492 601 2539 seigneur
629 2494 847 2539 (Chronique
874 2495 989 2529 latine
1014 2495 1055 2528 de
1084 2493 1293 2529 Guillaume
1317 2494 1358 2528 de
1383 2492 1535 2536 Nanyz's,

137 2556 164 2587 t.
188 2551 237 2597 ΙΙ,
261 2563 297 2598 p.
323 2551 418 2597 238).

183 2611 217 2646 4.
239 2610 339 2646 Jcan
360 2610 405 2645 de
428 2610 594 2646 Venette
615 2609 789 2656 l’appelle
813 2623 827 2643 «
851 2610 1084 2646 manerium.
1115 2623 1129 2644 n

183 2671 216 2706 5.
241 2669 741 2716 Longueil-Sainte-Marie‚
757 2669 861 2715 Oise,
879 2669 1210 2707 arrondissement
1223 2669 1269 2705 de
1290 2668 1541 2716 Gompiegne‚

137 2734 279 2766 canton
299 2728 792 2765 d'Estrees-Saint-Denis.
