1923 3358
345 293 358 327 ‘l
368 292 410 327 41¹,
620 292 989 325 CHRONOGRAPHIA
1016 293 1168 324 REGUM
1192 293 1469 324 FRANCORUM.
1641 289 1746 337 [1340

343 375 468 422 misit
486 374 675 438 ejusque
701 377 841 434 caput
862 387 948 434 per
971 372 1173 418 frontem
1198 375 1246 418 et
1265 371 1511 418 cerebrum
1536 373 1748 435 perfora-

340 454 407 500 vit
429 471 438 500 ε
465 453 522 499 de
550 467 642 514 quo
669 451 762 497 ictu
789 449 977 506 cadens,
1007 449 1162 496 statim
1189 455 1372 497 erectus
1398 455 1468 496 est
1493 467 1519 496 a
1545 450 1749 512 quodam

339 534 506 592 nepote
536 544 640 583 suo,
670 527 856 574 nomine
889 526 1146 583 Guillelmo,
1177 526 1255 589 qui
1283 525 1399 573 dixit
1424 526 1462 573 ei
1491 526 1616 589 quod
1642 543 1748 574 eum

338 605 609 652 vindicaret.
636 607 798 651 Petrus
824 621 938 651 vero
966 620 1107 667 super
1126 604 1215 651 hoc
1234 603 1381 651 verbo
1407 602 1612 667 gavisus,
1637 620 1750 667 apo-

337 682 482 728 diavit
508 698 557 729 se
584 698 727 744 super
752 681 959 728 lanceam
992 697 1141 734 suam,
1171 680 1330 728 dicens
1362 679 1489 742 quod
1522 678 1629 726 inde
1656 696 1748 726 non

336 758 598 806 discederet
624 758 772 805 donec
797 757 1060 805 vindicatus
1092 763 1232 814 esset,
1264 764 1309 803 et
1333 773 1506 820 rogans
1531 761 1748 820 nepotem

337 851 472 882 suum
506 840 556 882 ut
583 852 633 882 se
658 834 919 898 expediret.
952 834 1207 897 Subitoque
1242 833 1509 882 Guillelmus
1541 833 1749 879 animose

335 929 608 977 pressuram
640 912 923 977 ingrediens,
953 912 1078 959 dicto
1104 911 1335 959 Richardo
1366 910 1745 974 apropinquavit,

335 1006 478 1053 quem
504 1006 610 1037 cum
636 989 851 1037 manibus
886 988 1134 1052 arripiens,
1165 988 1337 1035 levavit
1361 987 1554 1035 loricam
1579 987 1678 1052 ejus
1704 992 1750 1033 et

335 1066 517 1113 cultello
550 1083 634 1113 suo
666 1071 881 1112 ventrem
915 1065 1014 1129 ejus
1041 1064 1304 1128 penetravit
1336 1082 1344 1111 ε
1378 1064 1457 1127 qui
1493 1063 1664 1112 cadens
1691 1063 1748 1111 de

335 1160 456 1206 equo
493 1143 656 1190 cecidit
690 1143 735 1189 in
767 1147 943 1189 terram
974 1146 1021 1188 et
1054 1147 1268 1188 mortuus
1301 1145 1389 1188 est.
1427 1140 1603 1205 Anglici
1635 1156 1749 1187 vero

335 1220 620 1284 collegerunt
647 1236 755 1267 eum
780 1226 826 1266 et
852 1219 1061 1266 tulerunt
1087 1218 1145 1265 ad
1172 1223 1322 1265 castra
1351 1233 1450 1264 sua.

401 1297 573 1344 Deinde
637 1313 744 1345 cum
798 1300 1112 1343 Tornacenses
1170 1293 1453 1341 clamoribus
1508 1292 1749 1340 derisoriis

336 1374 551 1438 Anglicos
605 1378 1021 1436 prosequerentur,
1074 1372 1178 1418 ilico
1234 1370 1436 1435 regressi
1492 1369 1744 1426 civitatem,

336 1450 488 1497 acrius
515 1466 656 1512 quam
687 1454 791 1496 ante
827 1448 1033 1513 aggressi
1071 1453 1204 1503 sunt3
1242 1446 1321 1510 qui
1356 1452 1512 1494 autem
1537 1451 1670 1493 erant
1702 1444 1747 1491 in

337 1527 442 1574 vilia
481 1527 660 1573 fortiter
692 1543 741 1573 se
773 1525 1116 1581 deffenderunt,
1152 1524 1213 1571 ita
1246 1529 1297 1571 ut
1329 1523 1505 1587 Anglici
1542 1522 1751 1570 redirent

337 1603 394 1650 ad
428 1609 596 1660 castra,
631 1603 829 1650 multum
863 1602 1135 1666 plangentes
1167 1600 1342 1648 dictum
1375 1598 1658 1648 Richardum
1691 1598 1750 1646 de

337 1680 571 1727 Limosino
599 1695 738 1742 quem
765 1695 849 1726 rex
876 1677 1036 1742 Anglie
1062 1676 1267 1741 perfecte
1293 1675 1531 1741 diligebat.

403 1759 716 1802 Tornaeenses
753 1754 916 1809 etiam,
955 1753 1151 1800 firmatis
1190 1751 1362 1815 portis,
1403 1750 1605 1815 regressi
1644 1756 1750 1797 sunt

338 1832 657 1896 unusquisque
683 1831 741 1879 ad
768 1830 973 1894 hospicia
1000 1847 1081 1876 sua
1105 1835 1151 1876 et
1170 1832 1358 1876 Petrum
1380 1827 1437 1875 de
1459 1827 1748 1876 Roussillone

338 1926 445 1956 cum
465 1909 646 1973 magnis
673 1906 1096 1962 lamentationibus,
1122 1906 1219 1970 ejus
1246 1904 1493 1952 celebratis
1519 1903 1746 1966 exequiis,

338 1985 592 2033 honorifice
618 1985 967 2032 tumulaverunt
995 1982 1051 2030 ad
1080 1985 1298 2030 Sanctum
1323 1981 1636 2028 Franciscum.

405 2062 581 2109 Eodem
598 2068 829 2125 tempore,
845 2064 1160 2108 Tornacenses
1178 2059 1311 2106 valde
1330 2058 1604 2106 dubitabant
1621 2058 1745 2120 quia,

343 2145 392 2185 ut
418 2139 676 2194 dicebatur,
706 2154 789 2184 rex
816 2136 974 2200 Anglie
995 2135 1233 2199 juraverat
1260 2151 1309 2182 se
1336 2151 1573 2198 nunquam
1599 2149 1752 2180 reces-

343 2231 527 2271 surum,
564 2215 713 2262 donec
747 2220 936 2277 caperet
967 2212 1201 2259 civitatem
1236 2219 1280 2259 ct
1312 2212 1411 2276 ejus
1444 2211 1751 2258 inhabitantes

342 2292 475 2339 vivos
510 2298 586 2339 aut
623 2298 834 2339 mortuos
873 2290 1066 2338 haberet
1103 2306 1207 2337 cum
1247 2289 1536 2353 principibus
1579 2288 1751 2335 ibidem

343 2368 666 2423 existentibus,
692 2369 861 2416 scilicet
887 2366 1132 2414 comitibus
1159 2366 1266 2412 Faxi
1294 2366 1395 2429 (sie)
1419 2371 1463 2412 ct
1484 2363 1751 2428 Petragori-

344 2444 466 2492 censi
514 2451 559 2491 et
603 2445 871 2492 vicecomite
922 2443 1234 2499 Narbonensi,
1292 2443 1371 2506 qui
1421 2441 1752 2488 destruxerant

345 2520 635 2575 Vasconiam,
661 2526 704 2567 et
726 2519 1096 2568 conestabulario
1123 2519 1241 2583 Augi
1268 2524 1314 2565 et
1334 2517 1429 2564 filio
1455 2534 1557 2574 suo,
1582 2515 1750 2564 comite

347 2596 606 2652 Guisnensi,
625 2612 729 2643 cum
752 2597 1021 2644 marescallo
1039 2594 1300 2644 Bertrando
1317 2594 1396 2658 qui
1415 2592 1750 2642 succenderant

349 2673 608 2721 Grenesim.

415 2749 591 2797 Idcirco
610 2764 693 2795 rex
711 2748 869 2811 Anglie
888 2749 992 2795 fecit
1008 2749 1180 2811 opponi
1200 2747 1344 2795 muris
1358 2745 1553 2793 civitatis
1568 2744 1750 2808 ingenia
