1923 3358
339 265 406 303 240
615 266 985 299 CHRONOGRAPHIA
1012 264 1164 297 REGUM
1190 263 1468 297 FRANCORUM.
1633 259 1737 306 [1347

338 353 480 397 Erant.
499 351 653 393 autem
673 344 797 391 intus
820 361 876 391 ex
904 348 1037 407 parte
1063 342 1187 406 regis
1206 341 1397 389 Francie
1420 342 1653 390 Johannes
1680 341 1740 389 de

340 421 560 476 Vienna1‚
598 420 882 483 capitaneus,
921 418 1151 465 Ernoldus
1178 417 1237 464 de
1269 417 1563 473 Odenehen²‚
1592 416 1742 463 domi-

338 515 425 546 nus
453 498 511 545 de
536 496 743 550 Beaulot,
774 495 992 543 dominus
1018 494 1246 559 Grigniaci
1280 499 1327 541 et
1358 494 1518 557 plures
1549 492 1624 540 alii
1651 492 1742 540 sol-

337 573 472 621 darii.

400 649 579 698 Accidit
600 648 725 696 enim
751 647 954 711 quadam
977 646 1052 694 die
1079 646 1205 710 quod
1232 651 1398 695 Tomas
1419 646 1478 693 de
1504 644 1744 693 Hollandia

337 734 384 776 et
412 726 647 774 Renaldus
679 725 737 773 de
764 724 969 773 Cobham
1001 724 1216 771 exierunt
1248 724 1306 771 de
1338 723 1504 771 castris
1530 721 1746 786 Anglico-

337 821 442 853 rum
472 820 580 852 cum
609 803 794 851 duobus
820 801 1006 849 milibus
1031 801 1148 848 viris
1171 806 1218 848 et
1249 801 1466 848 abierunt
1491 799 1551 847 ad
1577 799 1746 862 depre-

337 881 545 930 dandum
571 880 770 945 patriam
797 896 962 927 versus
982 882 1201 927 Sanctum
1227 879 1595 926 Audomarum3.
1619 879 1747 925 Tunc

338 958 487 1009 Guido
514 958 572 1005 de
596 957 770 1022 Nigella
787 962 833 1004 et
860 956 934 1004 alii
954 956 1123 1003 milites
1144 956 1224 1019 qui
1248 972 1406 1003 secum
1426 961 1577 1010 erant,
1602 953 1666 1001 illi
1686 953 1745 1001 de

335 1035 524 1082 Bolonia
559 1041 605 1081 et
637 1034 696 1081 de
732 1034 883 1090 Arria,
914 1038 1234 1080 convenerunt
1271 1033 1407 1080 simul
1443 1032 1576 1095 quasi
1610 1030 1747 1094 quin-

337 1111 463 1175 genti
494 1111 582 1157 viri
609 1125 850 1157 armorum
877 1125 930 1156 ac
955 1108 1189 1156 consecuti
1214 1114 1322 1155 sunt
1347 1108 1496 1155 dictos
1528 1107 1747 1171 Anglicos

337 1187 395 1234 ad
416 1186 703 1233 Tornehem4
725 1186 993 1248 ibidemque
1019 1185 1227 1249 aggressi
1254 1190 1361 1232 sunt
1381 1201 1462 1231 eos
1488 1189 1536 1230 et
1562 1181 1748 1230 occide-

338 1270 447 1311 runt
474 1280 532 1310 ex
552 1265 618 1311 eis
642 1263 746 1327 plus
773 1279 914 1326 quam
936 1268 1199 1317 sexcentos,
1230 1278 1411 1309 necnon
1438 1276 1748 1324 recuperave-

340 1347 448 1387 runt
474 1340 670 1403 predam
697 1356 836 1402 quam
865 1355 1025 1387 secum
1051 1338 1342 1386 deferebant.

406 1421 521 1464 Item
550 1417 752 1480 quadam
781 1416 857 1464 die
887 1416 1054 1463 accidit
1081 1415 1208 1479 quod
1232 1414 1480 1463 bastardus
1509 1413 1568 1461 de
1592 1413 1746 1469 Renti,

342 1500 453 1542 tunc
473 1494 579 1542 exul
606 1512 631 1541 a
658 1510 803 1558 regno
829 1493 1019 1540 Francie
1040 1493 1382 1557 Flamingisque
1402 1490 1747 1545 confederatus,

342 1577 388 1618 et
405 1572 528 1619 mille
545 1571 766 1635 Flamingi
787 1571 1074 1618 transierunt
1092 1574 1274 1617 Novum
1290 1573 1532 1617 Fossatum
1547 1573 1594 1614 et
1609 1567 1752 1614 intra-

338 1654 507 1696 verunt
528 1654 705 1695 terram
721 1647 939 1695 Arthesii.
965 1647 1278 1694 Prenominati
1300 1663 1413 1694 vero
1432 1645 1601 1692 milites
1621 1643 1748 1692 exie-

391 1782 423 1817 1.
445 1780 544 1816 Jean
565 1780 609 1816 de
632 1780 786 1816 Vienne
809 1780 912 1815 avait
934 1790 980 1815 eu
1002 1790 1098 1826 pour
1115 1779 1390 1826 predecesseur
1417 1777 1513 1813 dans
1535 1777 1571 1813 la
1591 1775 1752 1823 capitai-

343 1839 450 1875 nerie
471 1839 517 1875 (16
538 1838 666 1875 Calais
687 1838 930 1885 Enguerran,
954 1837 1138 1885 seigneur
1159 1837 1204 1874 (16
1227 1837 1374 1873 Beaulo
1393 1835 1540 1883 (Viard,
1555 1837 1754 1872 Journaux

342 1901 392 1935 du
417 1901 544 1935 Tresor
563 1901 603 1934 de
625 1900 788 1944 Philippa
815 1900 858 1934 VI
876 1900 917 1934 de
947 1900 1070 1941 Valoz's,
1090 1898 1112 1933 ὲ.
1127 1898 1163 1933 la.
1177 1897 1264 1934 date
1279 1897 1329 1933 du
1346 1897 1365 1933 6
1383 1896 1480 1933 avril
1496 1895 1601 1941 1349,
1618 1906 1656 1930 n.
1674 1896 1751 1939 st.)-

342 1958 396 1994 La
429 1958 612 2005 garnison
646 1956 887 2004 comprenait
922 1956 989 1992 des
1029 1956 1293 2001 arbaletriers,
1328 1955 1395 1991 des
1425 1953 1654 2000 mariniers,
1688 1952 1754 1988 des

342 2017 518 2053 hommes
539 2017 704 2053 d‘armes
733 2021 888 2064 portant
915 2015 981 2052 des
1009 2016 1141 2052 lances
1165 2017 1283 2061 abiel„
1310 2015 1333 2050 a
1351 2015 1389 2050 la
1415 2014 1501 2051 date
1522 2013 1572 2050 du
1594 2012 1636 2049 216
1658 2012 1755 2049 avril

346 2075 462 2122 1349)

389 2136 422 2171 2.
448 2134 523 2170 Sur
551 2133 705 2172 Arnoul
736 2133 999 2171 d'Audrehem
1029 2139 1067 2170 et
1096 2145 1162 2170 sur
1192 2144 1262 2170 son
1292 2133 1426 2169 entree
1454 2132 1476 2167 ἐι
1502 2130 1643 2177 Calais,
1671 2130 1754 2167 voir

344 2192 387 2229 E.
412 2193 605 2239 Molinier,
628 2187 742 2229 Etude
760 2205 828 2229 sur
849 2196 886 2230 la
906 2196 960 2229 vie
980 2194 1158 2229 d’Arnoul
1174 2193 1429 2234 d'Audrehem‚
1448 2190 1653 2227 Memoires
1674 2189 1755 2236 pre-

346 2253 476 2288 sentes
497 2264 564 2298 par
584 2253 710 2289 divers
734 2259 892 2289 savants
912 2252 934 2288 ὰ
955 2252 1190 2289 l'Academie
1206 2251 1272 2288 des
1287 2251 1536 2298 inscriptions
1557 2256 1595 2286 et
1614 2249 1754 2285 belles-

347 2311 493 2357 lettres,
516 2312 554 2347 ‘20
575 2312 687 2358 serie,
710 2318 738 2348 t.
762 2312 831 2357 VI,
855 2314 907 2348 1re
929 2312 1065 2358 partie,
1088 2323 1124 2358 p.
1149 2312 1205 2348 12.

394 2371 427 2406 3.
450 2370 482 2405 Il
503 2376 560 2406 est
580 2371 759 2417 probable
781 2383 854 2418 que
876 2372 968 2407 c’est
984 2372 1006 2406 a
1028 2371 1235 2407 l’occasion
1250 2370 1295 2406 de
1312 2370 1481 2406 services
1496 2368 1639 2405 rendus
1659 2378 1755 2414 pour

348 2427 384 2464 la
412 2428 567 2464 defense
596 2429 640 2464 dc
672 2429 924 2466 Saint-Omer
953 2441 1025 2476 que
1056 2429 1230 2476 philippe
1260 2429 1304 2464 de
1326 2428 1459 2464 Valois
1490 2428 1545 2473 fit,
1570 2427 1605 2462 le
1631 2427 1652 2462 ‘2
1671 2426 1756 2473 juin

348 2488 453 2533 1347,
474 2498 527 2523 un
548 2487 622 2522 don
644 2487 665 2522 a
685 2494 817 2534 quatre
845 2488 1049 2535 bourgeois
1076 2487 1121 2524 (16
1150 2494 1249 2524 cette
1278 2487 1366 2524 ville
1389 2485 1536 2532 (Viard,
1558 2487 1756 2521 Journauoe

347 2548 396 2582 clu
428 2548 553 2582 Tresor
578 2547 619 2581 de
645 2548 809 2592 Philippa
837 2549 877 2583 Vl
903 2549 945 2583 de
983 2549 1110 2590 Vatots,
1134 2547 1156 2582 ὁ.
1186 2548 1223 2582 la
1252 2546 1338 2582 date
1368 2545 1418 2581 du
1447 2546 1488 2582 13
1518 2555 1621 2580 mars
1651 2542 1754 2587 1349,

352 2616 388 2640 n.
413 2607 490 2649 st.).

396 2664 430 2700 4.
453 2664 716 2709 Toni-nehem,
741 2665 1047 2710 Pas-de-Galais,
1071 2664 1400 2702 arrondissement
1420 2663 1465 2700 de
1488 2661 1753 2707 Saint-Omer,

352 2728 493 2758 canton
516 2721 712 2759 d'Ardres.
