1923 3358
428 238 489 274 13ss
694 235 1062 269 CHRONOGRAPHIA
1088 235 1240 266 REGUM
1266 233 1543 265 FRANCORUM.
1715 227 1820 274 [1340

489 339 508 363 «
541 322 624 366 Per
638 313 954 363 Edowardum
973 328 1132 376 regem
1153 311 1316 376 Anglie
1337 310 1419 374 [et]
1440 311 1647 367 Francie,
1672 310 1821 358 domi-

422 417 441 441 «
475 411 584 442 num
610 390 824 439 Hibernie
846 395 891 436 et
907 388 1074 436 ducem
1091 388 1378 451 Aequitanie.
1402 386 1596 434 Domine
1614 387 1822 451 Philippe

423 494 442 518 «
475 473 532 519 de
552 468 747 523 Valesio‚
771 473 986 529 tempore
1010 465 1275 530 diu[tu]rno
1297 481 1380 512 vos
1402 464 1638 527 prosecuti
1663 481 1823 512 sumus

423 570 442 594 «
475 545 652 594 nunciis
679 549 723 592 et
751 543 850 591 aliis
883 543 1094 606 pluribus
1127 542 1297 598 modis,
1327 549 1376 589 ut
1403 541 1538 589 nobis
1566 540 1825 589 redderetis

423 645 442 668 «
475 628 681 670 nostram
717 619 1026 668 hereditatem
1060 619 1191 683 regni
1226 618 1438 673 Francie‚
1479 633 1620 680 quam
1654 633 1823 681 magno

422 720 441 745 «
474 698 700 762 temporis
724 697 880 760 spacio
903 696 1072 760 injuste
1098 695 1386 758 occupastis3
1411 700 1456 742 et
1477 694 1699 757 quoniam
1718 709 1826 757 per-

422 797 440 820 «
474 775 670 839 cipimus
688 773 815 836 quod
838 772 1075 820 intenditis
1093 772 1137 818 in
1156 777 1313 818 vestra
1336 770 1588 818 intentione
1607 769 1827 834 injuriosa

422 873 441 897 «
473 867 793 915 perseverare,
831 849 1007 912 absque
1039 848 1306 895 racionabili
1343 847 1636 895 exauditione
1669 853 1826 894 nostre

423 950 442 974 «
470 929 591 993 juste
632 926 892 990 petitionis,
936 931 1112 972 terram
1151 924 1365 972 Flandrie
1407 924 1603 989 ingressi
1646 939 1824 978 sumus,

423 1026 441 1050 «
475 1013 695 1069 tanquam
733 1003 940 1068 ejusdem
982 1003 1200 1050 dominus
1244 1001 1461 1064 superior
1499 1008 1544 1048 et
1585 1017 1668 1064 per
1705 1000 1828 1047 illam

423 1104 442 1128 «
476 1081 800 1135 transivimus;
828 1079 1056 1141 vobisque
1083 1078 1398 1142 significamus
1425 1077 1553 1140 quod
1578 1076 1826 1140 implorato

423 1180 442 1204 «
474 1159 553 1207 Dei
572 1157 778 1205 subsidio
798 1156 1132 1218 hominumque
1149 1154 1327 1218 prefate
1346 1160 1470 1201 terre
1489 1153 1701 1200 Flandrie
1719 1169 1826 1200 cum

424 1257 442 1281 «
475 1235 692 1300 gentibus
710 1233 880 1280 nostris
898 1231 1373 1296 adjunctisjuvamen,
1392 1230 1740 1278 considerantes
1751 1231 1827 1290 jus

425 1332 445 1356 «
476 1312 610 1359 nobis
631 1311 752 1357 dicte
776 1303 1045 1356 hereditatis
1069 1313 1195 1355 recte
1218 1307 1459 1371 pertinens
1478 1323 1619 1370 quam
1646 1305 1829 1353 irratio-

425 1409 444 1433 «
479 1388 692 1435 nabiliter
717 1387 949 1442 detinetis,
980 1385 1038 1432 ad
1064 1401 1150 1432 vos
1182 1384 1542 1448 properabimus
1566 1383 1624 1430 ad
1653 1399 1830 1447 ponen-

426 1485 445 1508 «
478 1465 590 1511 dum
615 1465 756 1510 finem
782 1463 827 1509 in
853 1468 1014 1510 nostra
1043 1461 1303 1508 rationabili
1337 1461 1560 1524 petitione
1592 1478 1600 1507 :
1632 1460 1830 1522 ideoque

426 1561 446 1585 «
478 1540 612 1588 vobis
640 1539 1106 1603 apropinquabimus.
1136 1542 1192 1585 Et
1217 1538 1438 1601 quoniam
1469 1543 1596 1584 tanta
1628 1542 1830 1584 armato-

427 1637 445 1661 «
479 1634 584 1664 rum
609 1617 856 1664 multitudo
884 1632 1025 1678 quam
1052 1616 1230 1663 habetis
1257 1632 1349 1662 non
1376 1620 1536 1678 posset
1556 1631 1606 1662 se
1630 1614 1830 1661 invicem

428 1714 447 1738 «
479 1694 556 1741 diu
582 1700 739 1740 tenere
766 1693 863 1740 sine
890 1692 1050 1756 populi
1077 1693 1282 1755 dampno
1310 1692 1619 1755 permaximo,
1650 1690 1776 1754 quod
1804 1709 1830 1737 a

427 1792 446 1815 «
479 1771 655 1819 cunctis
675 1771 890 1818 fidelibus
910 1770 1177 1818 Christianis
1197 1768 1463 1816 evitandum
1483 1775 1553 1816 est
1565 1774 1612 1815 et
1626 1768 1828 1815 maxime

427 1867 446 1890 «
478 1846 768 1910 principibus
795 1852 839 1893 et
862 1846 960 1894 aliis
986 1846 1270 1909 populorum
1294 1846 1502 1909 regimen
1529 1845 1824 1899 habentibus,

428 1944 447 1968 «
479 1923 875 1987 quamplurimum
908 1930 1210 1986 peroptamus
1243 1923 1369 1986 quod
1397 1923 1442 1969 in
1469 1922 1601 1969 brevi
1634 1923 1719 1969 hec
1750 1922 1831 1969 fie-

427 2021 446 2044 «
480 2007 583 2047 rent
603 2000 660 2046 ad
683 2000 948 2047 evitandam
975 2000 1135 2063 populi
1161 2000 1491 2047 mortalitatem
1509 1999 1643 2063 juxta
1663 2014 1830 2062 quere-

428 2097 447 2120 «
480 2077 570 2123 lam
596 2076 956 2124 demandantem
982 2077 1115 2124 nobis
1136 2083 1182 2124 et
1203 2075 1336 2124 vobis
1356 2083 1401 2123 et
1421 2076 1547 2139 quod
1574 2074 1829 2123 destructio

429 2173 447 2194 «
479 2153 551 2198 vel
579 2153 682 2199 finis
709 2159 865 2200 nostre
891 2153 1150 2216 calumpnie
1177 2169 1256 2200 seu
1284 2152 1519 2215 petitionis
1551 2153 1684 2199 fieret
1709 2151 1830 2198 inter

430 2248 449 2273 a
481 2246 565 2275 nos
587 2229 721 2286 duos,
750 2230 876 2292 quod
896 2230 1086 2293 quidem
1106 2230 1240 2277 vobis
1263 2230 1500 2277 offerimus
1518 2246 1605 2292 pro
1623 2227 1830 2292 predicta

430 2326 448 2349 «
481 2306 763 2368 quamquam
791 2323 1109 2370 supponamus
1135 2323 1351 2370 magnam
1377 2305 1588 2370 corporis
1615 2305 1758 2352 vestri
1784 2311 1830 2352 et

431 2402 450 2426 «
484 2398 648 2428 sensus
692 2399 743 2428 ac
782 2383 1087 2431 advisamenti
1131 2383 1436 2430 nobilitatem.
1480 2386 1530 2430 In
1566 2399 1676 2430 casu
1717 2398 1831 2428 vero

433 2479 451 2503 «
485 2458 610 2520 quod
646 2459 734 2504 hoc
775 2460 924 2507 facere
969 2460 1238 2516 renueritis,
1283 2467 1391 2508 tunc
1434 2466 1635 2523 ponatur
1674 2464 1831 2506 nostra

433 2555 452 2578 «
485 2534 712 2581 demanda
731 2535 787 2581 ad
807 2537 1177 2584 confirmandum
1196 2537 1448 2584 certamine
1466 2536 1709 2584 vestrimet
1725 2551 1830 2582 cum

434 2631 452 2654 α
484 2616 668 2657 centum
696 2613 905 2673 personis
929 2614 986 2660 de
1007 2614 1414 2662 sufficientioribus
1435 2620 1589 2660 vestre
1617 2611 1760 2676 partis
1787 2619 1828 2658 ct

436 2706 454 2729 «
487 2687 695 2734 similiter
721 2687 957 2735 faciemus.
982 2690 1025 2736 Si
1052 2696 1205 2737 autem
1233 2696 1444 2737 neutram
1472 2690 1594 2737 viam
1619 2695 1830 2751 accepta-
