1923 3358
320 270 387 307 ‘206
591 271 959 304 CHRONOGRAPHIA
986 269 1139 301 REGUM
1164 269 1442 301 FRANCORUM.
1612 265 1716 313 [1343

320 353 427 399 dem
454 352 538 398 loci
566 350 771 397 Galesius
801 349 859 396 de
887 348 1050 396 Zeusa¹
1080 348 1159 411 qui
1186 348 1282 395 fere
1305 348 1539 412 octoginta
1565 349 1718 396 solda-

319 429 413 475 rios
433 426 631 475 habebat
653 442 829 474 secum.
853 425 1046 473 Domina
1065 442 1265 488 namque
1284 441 1391 472 cum
1411 424 1718 489 quadraginta

318 505 454 559 viris,
493 502 682 565 reliquis
717 519 866 566 prope
901 502 1139 550 castellum
1173 501 1434 558 absconsis,
1475 501 1719 564 requisivit

318 580 443 643 quod
463 585 623 643 posset
642 578 816 626 intrare
837 579 1100 634 castellum3
1124 578 1399 626 castellanus
1417 584 1573 625 autem
1593 593 1719 624 mor-

319 662 411 703 tem
446 655 602 703 mariti
634 654 732 719 ejus
766 655 1009 720 ignorans,
1052 654 1190 719 jussit
1226 659 1419 717 pontem
1460 652 1632 717 deponi
1673 657 1721 699 et

316 737 502 795 portam
523 730 695 795 aperiri
720 747 916 794 eamque
935 729 1245 795 jocundanter
1270 729 1449 792 recepit
1480 747 1489 776 :
1518 745 1719 792 cumque

315 809 532 856 intrasset
547 824 654 855 curn
671 808 888 873 gentibus
906 807 1017 865 suis,
1038 813 1263 870 ceperunt
1279 823 1423 854 cornu
1441 823 1716 870 personare.

316 889 415 943 Quo
439 885 616 942 audito,
646 885 726 948 qui
752 891 885 933 erant
911 885 1124 932 absconsi
1150 884 1396 932 confestim
1425 889 1720 932 accesserunt

316 969 362 1010 et
389 962 661 1010 occiderunt
691 962 993 1010 castellanum
1025 968 1071 1009 et
1103 968 1284 1009 ceteros
1317 960 1562 1018 soldarios,
1585 960 1719 1025 jussu

314 1055 539 1101 expresso
566 1038 687 1085 dicte
714 1038 920 1085 domine.

378 1116 508 1173 Quod
541 1132 799 1179 agnoscens
832 1115 1030 1162 Karolus
1055 1114 1113 1162 de
1142 1115 1304 1171 Blesis,
1335 1114 1490 1162 statim
1524 1131 1720 1180 congre-

313 1192 439 1255 gavit
456 1192 666 1239 homines
687 1209 798 1240 suos
818 1192 876 1240 ad
896 1192 1272 1255 recuperandum
1295 1192 1534 1239 castellum
1556 1208 1719 1249 suum;

314 1269 433 1317 dicta
455 1275 612 1316 autem
634 1269 823 1316 domina
842 1286 947 1317 cum
968 1269 1274 1317 traditoribus
1290 1270 1369 1333 qui
1389 1286 1548 1317 secum
1567 1274 1717 1326 erant,

314 1361 407 1392 non
437 1362 547 1392 ausa
573 1351 643 1392 est
675 1362 781 1392 eum
808 1352 1074 1409 expectare,
1103 1345 1184 1393 sed
1206 1362 1312 1393 cum
1339 1346 1496 1394 multis
1523 1344 1722 1393 homini-

315 1422 404 1469 bus
438 1422 628 1469 intravit
661 1439 791 1470 mare
828 1423 1095 1486 multosque
1126 1428 1412 1471 mercatores
1442 1422 1501 1470 de
1532 1423 1721 1470 Francia

316 1505 427 1547 tunc
450 1500 678 1563 temporis
702 1500 809 1547 fecit
832 1500 997 1548 occidi.
1026 1504 1121 1548 Hec
1141 1506 1297 1548 autem
1323 1506 1640 1564 pervenerunt
1662 1499 1722 1547 ad

316 1593 452 1624 aures
469 1577 593 1640 regis
610 1576 809 1641 Philippi
832 1595 840 1623 :
872 1577 1046 1624 idcirco
1065 1577 1186 1625 dicta
1203 1577 1390 1625 domina
1407 1578 1589 1625 exulata
1606 1582 1676 1625 est
1696 1594 1722 1623 a

316 1669 461 1716 regno
493 1652 709 1709 Francie‚
749 1659 967 1716 terraque
1006 1653 1104 1718 ejus
1135 1660 1181 1701 et
1216 1654 1536 1717 possessiones
1568 1653 1721 1701 saisite

315 1735 423 1776 sunt
448 1729 494 1776 in
521 1746 660 1777 manu
680 1730 848 1794 regis2.

378 1808 444 1852 Eo
470 1811 701 1868 tempore,
726 1806 898 1853 scilicet
919 1823 1039 1853 anno
1060 1806 1242 1854 Domini
1262 1806 1314 1855 M⁰
1336 1806 1440 1856 CGC⁰
1459 1806 1587 1855 XL111⁰
1604 1806 1722 1854 acci-

315 1881 383 1928 dit
408 1882 534 1944 quod
561 1899 667 1930 cum
696 1883 894 1930 Karolus
921 1883 979 1930 de
1005 1883 1150 1931 Blesis
1177 1900 1284 1931 cum
1311 1889 1498 1931 centum
1517 1889 1564 1931 et
1588 1901 1722 1932 sexa-

314 1958 440 2022 ginta
464 1959 731 2006 hominibus
758 1960 938 2007 veniret
963 1961 1179 2017 Parisius,
1210 1960 1460 2008 traditores
1486 1961 1534 2008 in
1557 1960 1721 2008 itinere

316 2034 402 2081 sibi
428 2035 699 2084 insidiantes
725 2053 830 2084 cum
851 2036 1001 2100 equali
1027 2053 1223 2085 numero
1248 2037 1488 2085 hominum
1511 2037 1720 2101 aggressi

317 2225 365 2251 ne
387 2225 426 2251 se
448 2221 624 2261 rapporte
643 2216 742 2253 donc
769 2228 836 2263 pas
863 2216 886 2252 ὲ,
912 2216 1040 2262 Brest,
1061 2217 1159 2253 mais
1186 2217 1208 2253 a
1228 2218 1391 2264 quelque
1413 2217 1617 2255 forteresse
1638 2219 1720 2255 voi-

318 2274 414 2320 sine,
431 2276 625 2320 peut-etre
643 2276 679 2311 la.
693 2276 807 2313 Foret
826 2278 871 2322 (v.
889 2288 1016 2322 supra,
1033 2288 1069 2324 p.
1087 2278 1168 2321 175,
1184 2282 1272 2313 note
1291 2278 1336 2323 1),
1355 2277 1419 2324 qui
1434 2277 1576 2314 touche
1591 2277 1718 2315 Brest.

366 2335 397 2369 l.
422 2333 524 2368 Pour
546 2334 578 2369 le
599 2335 729 2370 Galois
751 2335 795 2371 de
816 2336 961 2372 chse.

363 2392 398 2428 2.
421 2391 480 2427 On
508 2393 676 2428 estimait
705 2395 806 2429 alors
828 2394 850 2429 ἐι
870 2394 1002 2440 20,000
1023 2394 1138 2431 livres
1158 2395 1334 2431 tour-nois
1355 2394 1389 2431 le
1411 2405 1554 2431 revenu
1575 2396 1719 2432 annuel

317 2451 362 2486 de
386 2464 400 2484 «
427 2451 461 2486 la
481 2457 582 2487 terre
603 2451 647 2486 de
670 2452 868 2489 Bellcville
890 2459 927 2489 et
948 2454 992 2489 de
1014 2454 1190 2489 Clichon.
1209 2468 1224 2487 »
1244 2454 1319 2489 Sur
1340 2454 1373 2490 le
1393 2454 1545 2501 produit
1560 2454 1604 2491 de
1620 2460 1719 2492 cette

319 2510 587 2555 confiscation,
610 2510 725 2546 Louis
747 2512 791 2547 de
814 2513 978 2549 Poitiers
999 2518 1063 2548 eut
1086 2513 1191 2558 &600
1212 2513 1327 2549 lix-res
1348 2514 1522 2550 tournois
1537 2525 1604 2560 par
1618 2525 1668 2550 an
1682 2520 1718 2550 et

320 2569 352 2604 le
375 2569 539 2605 cliiitcau
560 2568 605 2605 de
627 2568 760 2612 Blain3
784 2571 950 2607 d‘autres
965 2583 1226 2619 personnages
1242 2583 1281 2608 se
1297 2574 1541 2619 part-agerent
1557 2573 1593 2608 la
1606 2572 1716 2609 meil-

320 2627 425 2664 ieure
451 2628 573 2675 partie
601 2627 647 2664 de
679 2639 742 2664 ecs
768 2629 976 2675 depouilles
999 2633 1256 2677 (Biblvz'otheque
1275 2633 1317 2667 de
1338 2625 1466 2668 l'Ecole
1485 2633 1543 2668 des
1562 2633 1712 2675 charles,

321 2688 444 2779 angeio
459 2687 564 2733 1887,
576 2691 604 2723 t.
617 2686 764 2733 XLVI,
776 2689 949 2733 Rapports
960 2691 983 2725 ὰ
994 2692 1158 2736 Philz'ppe
1182 2692 1299 2726 VIsur
1313 2693 1411 2727 Γέται
1424 2693 1465 2727 de
1478 2703 1530 2727 ses
1542 2693 1715 2736 financeS,

320 2756 357 2791 p.
380 2746 445 2780 .88
467 2746 489 2780 a
509 2746 604 2787 390).
