1923 3358
313 256 355 291 10
589 256 959 290 CHRONOGRAPHIA
986 255 1139 287 REGUM
1164 253 1442 286 FRANCORUM.
1602 251 1706 298 [1328

374 343 472 387 Rex
496 338 684 385 Francie
714 340 964 398 postquam
995 333 1145 380 tribus
1172 332 1335 379 diebus
1360 348 1540 380 moram
1566 334 1708 381 traxit

310 415 355 461 in
387 430 553 477 campo
583 413 662 460 ubi
687 412 837 458 fuerat
863 411 1039 458 dictum
1068 410 1257 467 bellum,
1290 410 1580 474 expectando
1607 411 1708 459 vul-

309 496 493 538 neratos
522 494 568 536 et
588 488 796 535 infirmos
826 487 895 534 sui
923 486 1173 542 exercitus,
1197 486 1468 551 pertransiit
1493 503 1578 550 per
1602 489 1709 535 Cas-

309 567 471 615 sellum
497 583 521 611 a
548 570 680 627 parte
703 564 918 620 dextera3
948 564 1006 611 ad
1032 579 1173 626 quem
1203 569 1299 611 tota
1329 566 1468 611 Bassa
1497 563 1710 611 Flandria

309 661 358 692 se
387 641 616 690 submisit.
653 642 780 689 Ultra
807 657 921 688 vero
952 641 1201 696 transiens,
1235 657 1339 688 cum
1372 646 1496 689 esset
1528 640 1587 688 ab
1618 657 1710 688 una

308 719 433 765 leuca
455 734 602 781 prope
622 716 872 780 Yppram¹‚
895 716 952 763 de
971 716 1100 780 cujus
1123 717 1229 763 villa
1247 724 1475 763 venerunt
1500 716 1711 764 homines

306 794 363 841 ad
397 810 503 842 eum
538 811 586 841 se
621 794 838 841 redent-es
868 794 969 857 (sic)
1010 810 1062 840 ac
1095 793 1323 841 tradendo
1359 794 1446 841 sibi
1482 793 1712 857 quosdam

306 872 642 928 malefactores,
667 888 784 934 quos
806 871 912 918 fecit
933 870 1173 934 suspendi.

372 948 545 995 Deinde
570 947 696 995 misit
723 948 768 994 in
794 948 950 994 villam
976 947 1195 994 comitem
1221 947 1447 995 Sabaudie
1473 953 1519 995 et
1550 963 1712 994 cones-

307 1024 584 1072 tabularium
624 1024 837 1071 Flandrie
878 1041 986 1071 cum
1020 1024 1203 1071 duobus
1242 1024 1426 1071 milibus
1469 1024 1712 1071 hominum

306 1118 563 1158 armorum,
600 1102 676 1164 qui
710 1117 872 1148 omnes
904 1101 1057 1148 forum
1092 1101 1194 1147 ville
1225 1101 1467 1158 intrantes,
1502 1100 1713 1164 injunxe-

306 1183 415 1225 runt
440 1178 506 1225 eis
529 1178 693 1224 afferre
720 1194 849 1225 arma
876 1194 982 1233 sua3
1010 1177 1090 1240 qui
1111 1177 1172 1223 ita
1198 1177 1424 1224 fecerunt.
1449 1179 1549 1234 Quo
1570 1177 1708 1233 facto,

307 1271 576 1318 campanam
605 1271 695 1317 que
721 1254 954 1317 pendebat
983 1254 1029 1299 in
1059 1260 1205 1309 turre,
1236 1270 1327 1315 que
1356 1253 1518 1317 gallice
1545 1252 1714 1300 dicitur

305 1332 489 1393 beffroy,
521 1330 789 1392 dejecerunt
811 1337 855 1377 et
884 1330 1160 1377 dimiserunt
1186 1330 1432 1377 dominum
1457 1329 1712 1378 Johannem

305 1407 362 1453 de
388 1407 601 1454 Bailleolo
627 1423 684 1453 ex
712 1412 845 1469 parte
871 1407 994 1470 regis
1022 1408 1312 1469 capitaneum
1341 1406 1462 1453 ville.

371 1482 544 1529 Deinde
575 1499 732 1530 comes
768 1482 978 1530 Flandrie
1013 1483 1138 1528 venit
1171 1482 1229 1529 ad
1265 1493 1452 1546 regem,
1479 1483 1714 1531 adducens

308 1576 463 1607 secum
485 1559 585 1606 illos
608 1559 666 1607 de
685 1559 849 1624 Brugis
875 1565 921 1606 et
941 1559 999 1605 de
1025 1562 1217 1614 Franco,
1245 1559 1322 1622 qui
1345 1576 1393 1606 se
1410 1558 1714 1607 reddiderant

307 1635 410 1691 sibi,
441 1635 595 1682 audita
623 1641 777 1700 strage
803 1635 1150 1699 Flamingorum
1171 1635 1295 1698 apud
1317 1636 1585 1684 Cassellum.
1615 1640 1714 1685 Rex

306 1717 460 1759 autem
480 1711 656 1774 recepit
679 1727 760 1758 eos
783 1711 842 1758 ad
863 1712 1148 1758 voluntatem
1177 1728 1325 1768 suam,
1349 1728 1552 1775 quorum
1572 1729 1714 1775 quos-

306 1788 414 1835 dam
445 1788 805 1851 condempnavit
835 1788 989 1843 exilio,
1025 1788 1137 1835 alios
1166 1788 1224 1835 ad
1253 1789 1536 1837 manendum
1564 1789 1713 1837 tribus

306 1865 436 1911 annis
462 1865 581 1911 ultra
606 1868 802 1912 Somene
830 1864 1042 1922 fluvium,
1073 1871 1119 1912 et
1143 1865 1256 1913 alios
1284 1868 1480 1914 morte2.

371 1945 663 1989 Postremum
694 1958 825 1998 ver0,
855 1942 1071 1989 restituto
1104 1943 1272 1990 comite
1305 1942 1517 1990 Flandrie
1549 1943 1595 1990 in
1629 1960 1713 1991 suo

306 2018 543 2075 comitatu,
573 2018 699 2066 venit
724 2018 905 2076 Insulis,
935 2018 1012 2066 ubi
1048 2019 1245 2066 remisso
1279 2019 1504 2077 exercitu,
1534 2036 1714 2068 remea-

308 2095 374 2142 vit
398 2095 443 2142 in
469 2095 756 2143 Franciam3.

357 2254 388 2288 1.
411 2253 463 2289 Le
485 2253 756 2290 continuatear
775 2254 819 2290 de
841 2254 1061 2291 Guillaume
1081 2254 1127 2291 de
1148 2255 1296 2302 Nangis
1316 2257 1356 2298 (t.
1374 2255 1423 2300 II,
1442 2266 1477 2302 p.
1495 2256 1573 2300 100)
1590 2255 1644 2292 dit
1664 2267 1713 2293 en

309 2311 396 2348 effet
417 2322 489 2358 que
510 2312 684 2359 Philippa
698 2313 753 2348 VI
769 2324 903 2360 campa
922 2315 1009 2360 pres
1029 2314 1074 2349 de
1095 2314 1132 2349 la
1152 2313 1241 2350 ville
1259 2327 1266 2348 :
1286 2327 1302 2347 α
1320 2314 1621 2361 Aliquantulum
1634 2315 1712 2351 dis-

312 2385 328 2404 «
352 2375 479 2406 tantcr
499 2371 544 2406 ab
566 2371 658 2407 urbe
680 2373 846 2408 tentoria
866 2372 962 2408 fixit.
989 2386 1003 2406 »

356 2428 390 2464 2.
417 2442 431 2462 α
455 2429 566 2465 Civcs
587 2440 677 2465 vero
698 2429 931 2477 Brugenses,
947 2431 1045 2467 datis
1061 2430 1105 2467 de
1122 2431 1212 2467 villa
1233 2431 1338 2467 mille
1358 2432 1558 2480 hostagiis,
1576 2431 1712 2469 volun-

313 2500 327 2520 «
351 2487 420 2522 tati
442 2487 559 2533 Regis
579 2498 619 2523 sc
640 2489 792 2534 penitus
817 2490 1062 2536 subjecerunt
1080 2504 1094 2523 n
1115 2490 1407 2535 (Commu-atem·
1427 2490 1472 2527 de
1493 2490 1712 2528 Guillaume

311 2545 355 2581 de
376 2546 538 2593 Nangis,
560 2551 586 2581 t.
610 2546 662 2591 Π,
683 2558 717 2593 p.
740 2547 816 2582 101.
834 2568 879 2574 —-
900 2548 952 2584 Cf.
972 2549 1133 2596 Kcrvyu
1154 2549 1199 2584 dc
1220 2549 1474 2597 Lettenhove,
1497 2551 1653 2586 Histoire
1672 2553 1713 2586 de

311 2607 477 2650 Flandre,
503 2612 529 2641 t.
552 2605 622 2651 IH,
645 2618 680 2652 p.
706 2607 798 2651 150).

360 2665 390 2700 3.
415 2665 515 2700 G'ost
543 2665 565 2700 ξι
593 2676 636 2701 cc
666 2665 771 2711 point
802 2676 874 2712 quc
904 2666 1107 2703 s'arretent
1135 2668 1188 2704 les
1216 2669 1522 2705 rcssemblances
1546 2674 1653 2705 entre
1679 2669 1712 2705 le

320 2723 413 2758 rccit
434 2723 498 2757 dos
519 2725 678 2759 Grandes
701 2725 921 2768 (Virone'qucs
943 2732 975 2759 ct
1001 2726 1099 2761 celui
1120 2726 1164 2763 de
1185 2727 1221 2762 la
1242 2729 1556 2772 Chrmzoyraplzia.
