<?xml version="1.0" encoding="UTF-8"?>
<!DOCTYPE html PUBLIC "-//W3C//DTD XHTML 1.0 Transitional//EN"
    "http://www.w3.org/TR/xhtml1/DTD/xhtml1-transitional.dtd">
<html xmlns="http://www.w3.org/1999/xhtml" xml:lang="en" lang="en">
 <head>
  <title>
</title>
<meta http-equiv="Content-Type" content="text/html;charset=utf-8" />
  <meta name='ocr-system' content='tesseract 3.04.00' />
  <meta name='ocr-capabilities' content='ocr_page ocr_carea ocr_par ocr_line ocrx_word'/>
</head>
<body>
  <div class='ocr_page' id='page_1' title='image "./chronographiareg02mora_0030.png"; bbox 0 0 1923 3358; ppageno 0'>
   <div class='ocr_carea' id='block_1_1' title="bbox 350 269 1748 319">
    <p class='ocr_par' dir='ltr' id='par_1_1' title="bbox 350 269 1748 319">
     <span class='ocr_line' id='line_1_1' title="bbox 350 269 1748 319; baseline -0.006 -4"><span class='ocrx_word' id='word_1_1' title='bbox 350 279 392 315; x_wconf 75' lang='grc'>18</span> <span class='ocrx_word' id='word_1_2' title='bbox 626 278 995 313; x_wconf 82' lang='lat' dir='ltr'><strong>CHRONOGRAPIIIA</strong></span> <span class='ocrx_word' id='word_1_3' title='bbox 1022 277 1174 309; x_wconf 81' lang='lat' dir='ltr'><strong>REGUM</strong></span> <span class='ocrx_word' id='word_1_4' title='bbox 1200 275 1479 308; x_wconf 86' lang='lat' dir='ltr'><strong>FRANCORUM.</strong></span> <span class='ocrx_word' id='word_1_5' title='bbox 1533 269 1748 319; x_wconf 71' lang='lat'>[13‘29-1330</span> 
     </span>
    </p>
   </div>
   <div class='ocr_carea' id='block_1_2' title="bbox 341 354 1757 2018">
    <p class='ocr_par' dir='ltr' id='par_1_2' title="bbox 341 354 1757 2018">
     <span class='ocr_line' id='line_1_2' title="bbox 413 354 1749 423; baseline -0.005 -15"><span class='ocrx_word' id='word_1_6' title='bbox 413 360 521 408; x_wconf 87' lang='lat' dir='ltr'>Filia</span> <span class='ocrx_word' id='word_1_7' title='bbox 532 375 717 423; x_wconf 91' lang='lat' dir='ltr'>quoque</span> <span class='ocrx_word' id='word_1_8' title='bbox 729 357 850 404; x_wconf 89' lang='lat' dir='ltr'>dicte</span> <span class='ocrx_word' id='word_1_9' title='bbox 862 355 1112 411; x_wconf 80' lang='lat' dir='ltr'><strong>comitisse,</strong></span> <span class='ocrx_word' id='word_1_10' title='bbox 1128 354 1343 402; x_wconf 85' lang='lat' dir='ltr'>videlicet</span> <span class='ocrx_word' id='word_1_11' title='bbox 1353 358 1374 403; x_wconf 86' lang='lat' dir='ltr'>J</span> <span class='ocrx_word' id='word_1_12' title='bbox 1380 355 1560 401; x_wconf 88' lang='lat' dir='ltr'>ohanna</span> <span class='ocrx_word' id='word_1_13' title='bbox 1571 354 1749 419; x_wconf 84' lang='lat' dir='ltr'>regina,</span> 
     </span>
     <span class='ocr_line' id='line_1_3' title="bbox 349 431 1754 500; baseline -0.004 -16"><span class='ocrx_word' id='word_1_14' title='bbox 349 453 439 500; x_wconf 89' lang='lat' dir='ltr'>que</span> <span class='ocrx_word' id='word_1_15' title='bbox 458 437 606 483; x_wconf 86' lang='lat' dir='ltr'>fuerat</span> <span class='ocrx_word' id='word_1_16' title='bbox 623 450 744 482; x_wconf 86' lang='lat' dir='ltr'>uxor</span> <span class='ocrx_word' id='word_1_17' title='bbox 762 433 958 497; x_wconf 92' lang='lat' dir='ltr'>Philippi</span> <span class='ocrx_word' id='word_1_18' title='bbox 978 432 1120 497; x_wconf 83' lang='lat' dir='ltr'>regis,</span> <span class='ocrx_word' id='word_1_19' title='bbox 1145 431 1254 479; x_wconf 90' lang='lat' dir='ltr'>dicti</span> <span class='ocrx_word' id='word_1_20' title='bbox 1277 431 1519 480; x_wconf 79' lang='lat' dir='ltr'>Strabonis</span> <span class='ocrx_word' id='word_1_21' title='bbox 1539 437 1585 478; x_wconf 90' lang='lat' dir='ltr'>et</span> <span class='ocrx_word' id='word_1_22' title='bbox 1604 437 1754 478; x_wconf 88' lang='lat' dir='ltr'>mater</span> 
     </span>
     <span class='ocr_line' id='line_1_4' title="bbox 349 507 1754 576; baseline -0.004 -16"><span class='ocrx_word' id='word_1_23' title='bbox 349 513 529 560; x_wconf 85' lang='lat' dir='ltr'>ducisse</span> <span class='ocrx_word' id='word_1_24' title='bbox 559 510 842 576; x_wconf 84' lang='lat' dir='ltr'>Burgundie,</span> <span class='ocrx_word' id='word_1_25' title='bbox 878 509 1160 574; x_wconf 91' lang='lat' dir='ltr'>delphinisse</span> <span class='ocrx_word' id='word_1_26' title='bbox 1193 509 1482 565; x_wconf 84' lang='lat' dir='ltr'>Viennensis,</span> <span class='ocrx_word' id='word_1_27' title='bbox 1519 507 1754 556; x_wconf 83' lang='lat' dir='ltr'>comitisse</span> 
     </span>
     <span class='ocr_line' id='line_1_5' title="bbox 347 583 1755 648; baseline -0.004 -13"><span class='ocrx_word' id='word_1_28' title='bbox 347 588 558 636; x_wconf 89' lang='lat' dir='ltr'>Flandrie</span> <span class='ocrx_word' id='word_1_29' title='bbox 569 592 616 634; x_wconf 87' lang='lat' dir='ltr'>et</span> <span class='ocrx_word' id='word_1_30' title='bbox 629 587 816 634; x_wconf 90' lang='lat' dir='ltr'>domine</span> <span class='ocrx_word' id='word_1_31' title='bbox 828 586 1027 633; x_wconf 91' lang='lat' dir='ltr'>Blanche</span> <span class='ocrx_word' id='word_1_32' title='bbox 1041 585 1252 633; x_wconf 90' lang='lat' dir='ltr'>monialis</span> <span class='ocrx_word' id='word_1_33' title='bbox 1264 584 1582 648; x_wconf 83' lang='lat' dir='ltr'>Longicampi,</span> <span class='ocrx_word' id='word_1_34' title='bbox 1594 583 1755 631; x_wconf 91' lang='lat' dir='ltr'>habuit</span> 
     </span>
     <span class='ocr_line' id='line_1_6' title="bbox 347 661 1755 729; baseline -0.004 -16"><span class='ocrx_word' id='word_1_35' title='bbox 347 666 616 713; x_wconf 90' lang='lat' dir='ltr'>comitatum</span> <span class='ocrx_word' id='word_1_36' title='bbox 642 671 750 729; x_wconf 87' lang='lat' dir='ltr'>post</span> <span class='ocrx_word' id='word_1_37' title='bbox 776 664 927 721; x_wconf 76' lang='lat' dir='ltr'>eam13</span> <span class='ocrx_word' id='word_1_38' title='bbox 950 670 996 712; x_wconf 92' lang='lat' dir='ltr'>et</span> <span class='ocrx_word' id='word_1_39' title='bbox 1016 664 1137 711; x_wconf 88' lang='lat' dir='ltr'>facto</span> <span class='ocrx_word' id='word_1_40' title='bbox 1157 663 1373 727; x_wconf 83' lang='lat' dir='ltr'>homagio</span> <span class='ocrx_word' id='word_1_41' title='bbox 1399 663 1499 727; x_wconf 83' lang='lat' dir='ltr'>regi</span> <span class='ocrx_word' id='word_1_42' title='bbox 1525 661 1584 709; x_wconf 91' lang='lat' dir='ltr'>de</span> <span class='ocrx_word' id='word_1_43' title='bbox 1609 661 1755 709; x_wconf 91' lang='lat' dir='ltr'>comi-</span> 
     </span>
     <span class='ocr_line' id='line_1_7' title="bbox 345 738 1755 806; baseline -0.004 -16"><span class='ocrx_word' id='word_1_44' title='bbox 345 748 442 790; x_wconf 90' lang='lat' dir='ltr'>tatu</span> <span class='ocrx_word' id='word_1_45' title='bbox 463 742 680 799; x_wconf 89' lang='lat' dir='ltr'>Arthesii,</span> <span class='ocrx_word' id='word_1_46' title='bbox 704 758 968 806; x_wconf 84' lang='lat' dir='ltr'>magnoque</span> <span class='ocrx_word' id='word_1_47' title='bbox 989 746 1215 804; x_wconf 89' lang='lat' dir='ltr'>apparatu</span> <span class='ocrx_word' id='word_1_48' title='bbox 1237 739 1464 803; x_wconf 87' lang='lat' dir='ltr'>disposito</span> <span class='ocrx_word' id='word_1_49' title='bbox 1485 739 1544 786; x_wconf 90' lang='lat' dir='ltr'>ad</span> <span class='ocrx_word' id='word_1_50' title='bbox 1563 738 1755 786; x_wconf 87' lang='lat' dir='ltr'>venien-</span> 
     </span>
     <span class='ocr_line' id='line_1_8' title="bbox 345 813 1753 879; baseline -0.004 -12"><span class='ocrx_word' id='word_1_51' title='bbox 345 820 458 867; x_wconf 90' lang='lat' dir='ltr'>dum</span> <span class='ocrx_word' id='word_1_52' title='bbox 496 819 542 866; x_wconf 91' lang='lat' dir='ltr'>in</span> <span class='ocrx_word' id='word_1_53' title='bbox 579 819 754 867; x_wconf 87' lang='lat' dir='ltr'>dictum</span> <span class='ocrx_word' id='word_1_54' title='bbox 794 818 1066 866; x_wconf 87' lang='lat' dir='ltr'>comitatum</span> <span class='ocrx_word' id='word_1_55' title='bbox 1106 833 1266 873; x_wconf 90' lang='lat' dir='ltr'>suum,</span> <span class='ocrx_word' id='word_1_56' title='bbox 1309 816 1422 864; x_wconf 91' lang='lat' dir='ltr'>dum</span> <span class='ocrx_word' id='word_1_57' title='bbox 1464 821 1588 863; x_wconf 85' lang='lat' dir='ltr'>esset</span> <span class='ocrx_word' id='word_1_58' title='bbox 1627 813 1753 879; x_wconf 89' lang='lat' dir='ltr'>apud</span> 
     </span>
     <span class='ocr_line' id='line_1_9' title="bbox 344 894 1750 959; baseline -0.005 -14"><span class='ocrx_word' id='word_1_59' title='bbox 344 900 519 959; x_wconf 88' lang='lat' dir='ltr'>Royam</span> <span class='ocrx_word' id='word_1_60' title='bbox 546 896 593 943; x_wconf 91' lang='lat' dir='ltr'>in</span> <span class='ocrx_word' id='word_1_61' title='bbox 618 895 934 953; x_wconf 82' lang='lat' dir='ltr'>Viromandia,</span> <span class='ocrx_word' id='word_1_62' title='bbox 963 894 1138 942; x_wconf 89' lang='lat' dir='ltr'>ibidem</span> <span class='ocrx_word' id='word_1_63' title='bbox 1163 910 1255 941; x_wconf 90' lang='lat' dir='ltr'>una</span> <span class='ocrx_word' id='word_1_64' title='bbox 1286 899 1422 940; x_wconf 92' lang='lat' dir='ltr'>nocte</span> <span class='ocrx_word' id='word_1_65' title='bbox 1454 898 1635 940; x_wconf 86' lang='lat' dir='ltr'>morata</span> <span class='ocrx_word' id='word_1_66' title='bbox 1663 897 1750 949; x_wconf 85' lang='lat' dir='ltr'>est,</span> 
     </span>
     <span class='ocr_line' id='line_1_10' title="bbox 344 968 1756 1036; baseline -0.003 -16"><span class='ocrx_word' id='word_1_67' title='bbox 344 989 480 1020; x_wconf 89' lang='lat' dir='ltr'>causa</span> <span class='ocrx_word' id='word_1_68' title='bbox 506 973 742 1036; x_wconf 84' lang='lat' dir='ltr'>spaciandi</span> <span class='ocrx_word' id='word_1_69' title='bbox 769 989 850 1020; x_wconf 92' lang='lat' dir='ltr'>seu</span> <span class='ocrx_word' id='word_1_70' title='bbox 873 970 1195 1036; x_wconf 85' lang='lat' dir='ltr'>complacendi</span> <span class='ocrx_word' id='word_1_71' title='bbox 1217 987 1324 1018; x_wconf 90' lang='lat' dir='ltr'>cum</span> <span class='ocrx_word' id='word_1_72' title='bbox 1345 970 1440 1018; x_wconf 90' lang='lat' dir='ltr'>suis</span> <span class='ocrx_word' id='word_1_73' title='bbox 1460 968 1686 1017; x_wconf 89' lang='lat' dir='ltr'>militissis</span> <span class='ocrx_word' id='word_1_74' title='bbox 1707 974 1756 1016; x_wconf 90' lang='lat' dir='ltr'>et</span> 
     </span>
     <span class='ocr_line' id='line_1_11' title="bbox 344 1045 1757 1112; baseline -0.003 -15"><span class='ocrx_word' id='word_1_75' title='bbox 344 1049 616 1097; x_wconf 83' lang='lat' dir='ltr'>domicellis.</span> <span class='ocrx_word' id='word_1_76' title='bbox 647 1051 855 1112; x_wconf 86' lang='lat' dir='ltr'>Cumque</span> <span class='ocrx_word' id='word_1_77' title='bbox 881 1053 1156 1112; x_wconf 90' lang='lat' dir='ltr'>appeterent</span> <span class='ocrx_word' id='word_1_78' title='bbox 1188 1047 1350 1094; x_wconf 88' lang='lat' dir='ltr'>bibere</span> <span class='ocrx_word' id='word_1_79' title='bbox 1379 1047 1623 1103; x_wconf 73' lang='lat' dir='ltr'>claretum,</span> <span class='ocrx_word' id='word_1_80' title='bbox 1653 1045 1757 1109; x_wconf 92' lang='lat' dir='ltr'>qui-</span> 
     </span>
     <span class='ocr_line' id='line_1_12' title="bbox 344 1122 1756 1189; baseline -0.001 -17"><span class='ocrx_word' id='word_1_81' title='bbox 344 1125 452 1173; x_wconf 89' lang='lat' dir='ltr'>dam</span> <span class='ocrx_word' id='word_1_82' title='bbox 483 1126 785 1174; x_wconf 88' lang='lat' dir='ltr'>buticularius</span> <span class='ocrx_word' id='word_1_83' title='bbox 817 1126 939 1173; x_wconf 89' lang='lat' dir='ltr'>dicte</span> <span class='ocrx_word' id='word_1_84' title='bbox 970 1125 1153 1189; x_wconf 79' lang='lat' dir='ltr'>regine,</span> <span class='ocrx_word' id='word_1_85' title='bbox 1188 1124 1374 1171; x_wconf 91' lang='lat' dir='ltr'>nomine</span> <span class='ocrx_word' id='word_1_86' title='bbox 1405 1124 1640 1187; x_wconf 92' lang='lat' dir='ltr'>Hupinus,</span> <span class='ocrx_word' id='word_1_87' title='bbox 1676 1122 1756 1186; x_wconf 92' lang='lat' dir='ltr'>qui</span> 
     </span>
     <span class='ocr_line' id='line_1_13' title="bbox 344 1200 1756 1264; baseline -0.002 -15"><span class='ocrx_word' id='word_1_88' title='bbox 344 1202 603 1260; x_wconf 84' lang='lat' dir='ltr'>comitisse,</span> <span class='ocrx_word' id='word_1_89' title='bbox 645 1220 727 1251; x_wconf 90' lang='lat' dir='ltr'>sue</span> <span class='ocrx_word' id='word_1_90' title='bbox 766 1203 901 1250; x_wconf 87' lang='lat' dir='ltr'>matri</span> <span class='ocrx_word' id='word_1_91' title='bbox 939 1202 1187 1257; x_wconf 79' lang='lat' dir='ltr'>servierat,</span> <span class='ocrx_word' id='word_1_92' title='bbox 1230 1200 1380 1248; x_wconf 88' lang='lat' dir='ltr'>attulit</span> <span class='ocrx_word' id='word_1_93' title='bbox 1419 1200 1466 1247; x_wconf 93' lang='lat' dir='ltr'>in</span> <span class='ocrx_word' id='word_1_94' title='bbox 1507 1216 1601 1247; x_wconf 91' lang='lat' dir='ltr'>uno</span> <span class='ocrx_word' id='word_1_95' title='bbox 1642 1205 1756 1264; x_wconf 89' lang='lat' dir='ltr'>poto</span> 
     </span>
     <span class='ocr_line' id='line_1_14' title="bbox 343 1277 1752 1344; baseline -0.001 -18"><span class='ocrx_word' id='word_1_96' title='bbox 343 1286 564 1344; x_wconf 84' lang='lat' dir='ltr'>argenteo</span> <span class='ocrx_word' id='word_1_97' title='bbox 589 1280 815 1327; x_wconf 82' lang='lat' dir='ltr'>claretum</span> <span class='ocrx_word' id='word_1_98' title='bbox 840 1295 947 1326; x_wconf 92' lang='lat' dir='ltr'>cum</span> <span class='ocrx_word' id='word_1_99' title='bbox 973 1278 1062 1325; x_wconf 90' lang='lat' dir='ltr'>cifo</span> <span class='ocrx_word' id='word_1_100' title='bbox 1091 1277 1194 1341; x_wconf 74' lang='lat' dir='ltr'>(sic)</span> <span class='ocrx_word' id='word_1_101' title='bbox 1225 1277 1418 1341; x_wconf 88' lang='lat' dir='ltr'>aquario</span> <span class='ocrx_word' id='word_1_102' title='bbox 1440 1294 1530 1341; x_wconf 89' lang='lat' dir='ltr'>pro</span> <span class='ocrx_word' id='word_1_103' title='bbox 1554 1277 1716 1342; x_wconf 82' lang='lat' dir='ltr'>regina</span> <span class='ocrx_word' id='word_1_104' title='bbox 1743 1295 1752 1324; x_wconf 75' lang='grc' dir='ltr'>ε</span> 
     </span>
     <span class='ocr_line' id='line_1_15' title="bbox 343 1353 1757 1418; baseline -0.001 -16"><span class='ocrx_word' id='word_1_105' title='bbox 343 1371 542 1418; x_wconf 90' lang='lat' dir='ltr'>cumque</span> <span class='ocrx_word' id='word_1_106' title='bbox 576 1355 802 1402; x_wconf 86' lang='lat' dir='ltr'>bibissent</span> <span class='ocrx_word' id='word_1_107' title='bbox 838 1353 1079 1408; x_wconf 86' lang='lat' dir='ltr'>deliciose,</span> <span class='ocrx_word' id='word_1_108' title='bbox 1116 1353 1333 1401; x_wconf 90' lang='lat' dir='ltr'>abierunt</span> <span class='ocrx_word' id='word_1_109' title='bbox 1365 1353 1424 1401; x_wconf 90' lang='lat' dir='ltr'>ad</span> <span class='ocrx_word' id='word_1_110' title='bbox 1458 1353 1757 1418; x_wconf 90' lang='lat' dir='ltr'>requiescen—</span> 
     </span>
     <span class='ocr_line' id='line_1_16' title="bbox 343 1430 1752 1495; baseline -0.001 -16"><span class='ocrx_word' id='word_1_111' title='bbox 343 1432 474 1479; x_wconf 89' lang='lat' dir='ltr'>dum.</span> <span class='ocrx_word' id='word_1_112' title='bbox 496 1432 840 1495; x_wconf 84' lang='lat' dir='ltr'>Confestimque</span> <span class='ocrx_word' id='word_1_113' title='bbox 860 1437 910 1479; x_wconf 91' lang='lat' dir='ltr'>ut</span> <span class='ocrx_word' id='word_1_114' title='bbox 930 1431 1089 1495; x_wconf 82' lang='lat' dir='ltr'>regina</span> <span class='ocrx_word' id='word_1_115' title='bbox 1110 1430 1196 1478; x_wconf 88' lang='lat' dir='ltr'>fuit</span> <span class='ocrx_word' id='word_1_116' title='bbox 1216 1430 1262 1477; x_wconf 91' lang='lat' dir='ltr'>in</span> <span class='ocrx_word' id='word_1_117' title='bbox 1284 1431 1454 1478; x_wconf 86' lang='lat' dir='ltr'>lectum</span> <span class='ocrx_word' id='word_1_118' title='bbox 1472 1447 1608 1479; x_wconf 90' lang='lat' dir='ltr'>suum</span> <span class='ocrx_word' id='word_1_119' title='bbox 1628 1430 1752 1495; x_wconf 78' lang='lat' dir='ltr'>(sic),</span> 
     </span>
     <span class='ocr_line' id='line_1_17' title="bbox 342 1507 1753 1573; baseline 0 -18"><span class='ocrx_word' id='word_1_120' title='bbox 342 1509 603 1573; x_wconf 81' lang='lat' dir='ltr'>egritudine</span> <span class='ocrx_word' id='word_1_121' title='bbox 630 1508 868 1556; x_wconf 87' lang='lat' dir='ltr'>mortifera</span> <span class='ocrx_word' id='word_1_122' title='bbox 891 1524 1113 1571; x_wconf 88' lang='lat' dir='ltr'>percussa</span> <span class='ocrx_word' id='word_1_123' title='bbox 1139 1513 1227 1563; x_wconf 91' lang='lat' dir='ltr'>est,</span> <span class='ocrx_word' id='word_1_124' title='bbox 1252 1507 1311 1555; x_wconf 91' lang='lat' dir='ltr'>de</span> <span class='ocrx_word' id='word_1_125' title='bbox 1337 1525 1429 1571; x_wconf 89' lang='lat' dir='ltr'>qua</span> <span class='ocrx_word' id='word_1_126' title='bbox 1455 1513 1565 1572; x_wconf 89' lang='lat' dir='ltr'>post</span> <span class='ocrx_word' id='word_1_127' title='bbox 1588 1508 1753 1572; x_wconf 91' lang='lat' dir='ltr'>paulu-</span> 
     </span>
     <span class='ocr_line' id='line_1_18' title="bbox 341 1583 1751 1649; baseline 0 -16"><span class='ocrx_word' id='word_1_128' title='bbox 341 1585 439 1633; x_wconf 90' lang='lat' dir='ltr'>lum</span> <span class='ocrx_word' id='word_1_129' title='bbox 467 1586 608 1643; x_wconf 79' lang='lat' dir='ltr'>obiit3</span> <span class='ocrx_word' id='word_1_130' title='bbox 637 1602 782 1649; x_wconf 88' lang='lat' dir='ltr'>porro</span> <span class='ocrx_word' id='word_1_131' title='bbox 813 1601 1047 1633; x_wconf 89' lang='lat' dir='ltr'>venenum</span> <span class='ocrx_word' id='word_1_132' title='bbox 1078 1583 1323 1632; x_wconf 87' lang='lat' dir='ltr'>emanabat</span> <span class='ocrx_word' id='word_1_133' title='bbox 1355 1601 1442 1648; x_wconf 90' lang='lat' dir='ltr'>per</span> <span class='ocrx_word' id='word_1_134' title='bbox 1472 1601 1543 1641; x_wconf 92' lang='lat' dir='ltr'>os,</span> <span class='ocrx_word' id='word_1_135' title='bbox 1573 1584 1751 1642; x_wconf 90' lang='lat' dir='ltr'>oculos,</span> 
     </span>
     <span class='ocr_line' id='line_1_19' title="bbox 343 1661 1755 1726; baseline 0.001 -17"><span class='ocrx_word' id='word_1_136' title='bbox 343 1679 478 1709; x_wconf 86' lang='lat' dir='ltr'>nares</span> <span class='ocrx_word' id='word_1_137' title='bbox 504 1668 549 1709; x_wconf 91' lang='lat' dir='ltr'>et</span> <span class='ocrx_word' id='word_1_138' title='bbox 575 1679 711 1710; x_wconf 90' lang='lat' dir='ltr'>aures</span> <span class='ocrx_word' id='word_1_139' title='bbox 737 1662 853 1726; x_wconf 89' lang='lat' dir='ltr'>ejus,</span> <span class='ocrx_word' id='word_1_140' title='bbox 883 1678 1148 1724; x_wconf 88' lang='lat' dir='ltr'>corpusque</span> <span class='ocrx_word' id='word_1_141' title='bbox 1178 1661 1276 1726; x_wconf 90' lang='lat' dir='ltr'>ejus</span> <span class='ocrx_word' id='word_1_142' title='bbox 1302 1661 1349 1709; x_wconf 93' lang='lat' dir='ltr'>in</span> <span class='ocrx_word' id='word_1_143' title='bbox 1379 1662 1617 1726; x_wconf 89' lang='lat' dir='ltr'>plerisque</span> <span class='ocrx_word' id='word_1_144' title='bbox 1642 1662 1755 1710; x_wconf 90' lang='lat' dir='ltr'>locis</span> 
     </span>
     <span class='ocr_line' id='line_1_20' title="bbox 344 1739 1756 1803; baseline 0.001 -18"><span class='ocrx_word' id='word_1_145' title='bbox 344 1739 639 1803; x_wconf 83' lang='lat' dir='ltr'>denigratum</span> <span class='ocrx_word' id='word_1_146' title='bbox 669 1745 739 1786; x_wconf 86' lang='lat' dir='ltr'>est</span> <span class='ocrx_word' id='word_1_147' title='bbox 770 1745 816 1786; x_wconf 89' lang='lat' dir='ltr'>et</span> <span class='ocrx_word' id='word_1_148' title='bbox 846 1739 892 1785; x_wconf 93' lang='lat' dir='ltr'>in</span> <span class='ocrx_word' id='word_1_149' title='bbox 924 1739 1201 1802; x_wconf 90' lang='lat' dir='ltr'>quibusdam</span> <span class='ocrx_word' id='word_1_150' title='bbox 1235 1739 1348 1786; x_wconf 90' lang='lat' dir='ltr'>locis</span> <span class='ocrx_word' id='word_1_151' title='bbox 1386 1739 1653 1788; x_wconf 87' lang='lat' dir='ltr'>dealbatum</span> <span class='ocrx_word' id='word_1_152' title='bbox 1684 1746 1756 1788; x_wconf 90' lang='lat' dir='ltr'>est</span> 
     </span>
     <span class='ocr_line' id='line_1_21' title="bbox 345 1815 1755 1880; baseline 0.001 -17"><span class='ocrx_word' id='word_1_153' title='bbox 345 1833 429 1879; x_wconf 88' lang='lat' dir='ltr'>per</span> <span class='ocrx_word' id='word_1_154' title='bbox 451 1822 626 1879; x_wconf 84' lang='lat' dir='ltr'>partes,</span> <span class='ocrx_word' id='word_1_155' title='bbox 649 1816 711 1863; x_wconf 85' lang='lat' dir='ltr'>ita</span> <span class='ocrx_word' id='word_1_156' title='bbox 736 1822 787 1864; x_wconf 91' lang='lat' dir='ltr'>ut</span> <span class='ocrx_word' id='word_1_157' title='bbox 813 1816 944 1879; x_wconf 87' lang='lat' dir='ltr'>pium</span> <span class='ocrx_word' id='word_1_158' title='bbox 970 1822 1092 1863; x_wconf 89' lang='lat' dir='ltr'>esset</span> <span class='ocrx_word' id='word_1_159' title='bbox 1118 1815 1229 1863; x_wconf 93' lang='lat' dir='ltr'>illud</span> <span class='ocrx_word' id='word_1_160' title='bbox 1255 1816 1473 1864; x_wconf 80' lang='lat' dir='ltr'>intueri2.</span> <span class='ocrx_word' id='word_1_161' title='bbox 1498 1816 1631 1875; x_wconf 85' lang='lat' dir='ltr'>Quod</span> <span class='ocrx_word' id='word_1_162' title='bbox 1653 1816 1755 1880; x_wconf 90' lang='lat' dir='ltr'>qui-</span> 
     </span>
     <span class='ocr_line' id='line_1_22' title="bbox 344 1893 1753 1956; baseline 0.001 -16"><span class='ocrx_word' id='word_1_163' title='bbox 344 1893 452 1940; x_wconf 89' lang='lat' dir='ltr'>dem</span> <span class='ocrx_word' id='word_1_164' title='bbox 477 1910 609 1940; x_wconf 90' lang='lat' dir='ltr'>more</span> <span class='ocrx_word' id='word_1_165' title='bbox 635 1893 859 1940; x_wconf 89' lang='lat' dir='ltr'>nobilium</span> <span class='ocrx_word' id='word_1_166' title='bbox 882 1893 1212 1956; x_wconf 87' lang='lat' dir='ltr'>compositum,</span> <span class='ocrx_word' id='word_1_167' title='bbox 1237 1893 1443 1941; x_wconf 89' lang='lat' dir='ltr'>delatum</span> <span class='ocrx_word' id='word_1_168' title='bbox 1461 1899 1531 1941; x_wconf 90' lang='lat' dir='ltr'>est</span> <span class='ocrx_word' id='word_1_169' title='bbox 1552 1893 1753 1942; x_wconf 89' lang='lat' dir='ltr'>Parisius</span> 
     </span>
     <span class='ocr_line' id='line_1_23' title="bbox 342 1970 1506 2018; baseline 0.002 -3"><span class='ocrx_word' id='word_1_170' title='bbox 342 1976 388 2015; x_wconf 86' lang='lat' dir='ltr'>et</span> <span class='ocrx_word' id='word_1_171' title='bbox 413 1970 458 2015; x_wconf 91' lang='lat' dir='ltr'>in</span> <span class='ocrx_word' id='word_1_172' title='bbox 484 1970 675 2016; x_wconf 85' lang='lat' dir='ltr'>ecclesia</span> <span class='ocrx_word' id='word_1_173' title='bbox 701 1972 915 2017; x_wconf 88' lang='lat' dir='ltr'>Fratrum</span> <span class='ocrx_word' id='word_1_174' title='bbox 942 1970 1172 2017; x_wconf 87' lang='lat' dir='ltr'>Minorum</span> <span class='ocrx_word' id='word_1_175' title='bbox 1199 1970 1506 2018; x_wconf 86' lang='lat' dir='ltr'>inhumatum.</span> 
     </span>
    </p>
   </div>
   <div class='ocr_carea' id='block_1_3' title="bbox 342 2052 1754 2349">
    <p class='ocr_par' dir='ltr' id='par_1_3' title="bbox 342 2052 1754 2349">
     <span class='ocr_line' id='line_1_24' title="bbox 405 2052 1754 2118; baseline 0.001 -20"><span class='ocrx_word' id='word_1_176' title='bbox 405 2055 514 2099; x_wconf 89' lang='lat' dir='ltr'>Post</span> <span class='ocrx_word' id='word_1_177' title='bbox 538 2053 669 2116; x_wconf 85' lang='lat' dir='ltr'>cujus</span> <span class='ocrx_word' id='word_1_178' title='bbox 696 2058 896 2101; x_wconf 87' lang='lat' dir='ltr'>mortem</span> <span class='ocrx_word' id='word_1_179' title='bbox 913 2052 1096 2100; x_wconf 86' lang='lat' dir='ltr'>ducissa</span> <span class='ocrx_word' id='word_1_180' title='bbox 1112 2052 1378 2118; x_wconf 81' lang='lat' dir='ltr'>Burgundie</span> <span class='ocrx_word' id='word_1_181' title='bbox 1397 2070 1445 2101; x_wconf 91' lang='lat' dir='ltr'>se</span> <span class='ocrx_word' id='word_1_182' title='bbox 1465 2054 1754 2117; x_wconf 86' lang='lat' dir='ltr'>presentavit</span> 
     </span>
     <span class='ocr_line' id='line_1_25' title="bbox 342 2129 1749 2194; baseline 0.003 -19"><span class='ocrx_word' id='word_1_183' title='bbox 342 2129 438 2192; x_wconf 79' lang='lat' dir='ltr'>regi</span> <span class='ocrx_word' id='word_1_184' title='bbox 470 2136 691 2192; x_wconf 88' lang='lat' dir='ltr'>tanquam</span> <span class='ocrx_word' id='word_1_185' title='bbox 717 2130 853 2177; x_wconf 90' lang='lat' dir='ltr'>heres</span> <span class='ocrx_word' id='word_1_186' title='bbox 877 2130 1094 2186; x_wconf 85' lang='lat' dir='ltr'>Arthesii‚</span> <span class='ocrx_word' id='word_1_187' title='bbox 1125 2147 1215 2193; x_wconf 93' lang='lat' dir='ltr'>que</span> <span class='ocrx_word' id='word_1_188' title='bbox 1240 2136 1455 2194; x_wconf 88' lang='lat' dir='ltr'>suscepta</span> <span class='ocrx_word' id='word_1_189' title='bbox 1486 2137 1556 2178; x_wconf 90' lang='lat' dir='ltr'>est</span> <span class='ocrx_word' id='word_1_190' title='bbox 1582 2130 1641 2178; x_wconf 89' lang='lat' dir='ltr'>ab</span> <span class='ocrx_word' id='word_1_191' title='bbox 1668 2147 1749 2187; x_wconf 83' lang='lat' dir='ltr'>eo;</span> 
     </span>
     <span class='ocr_line' id='line_1_26' title="bbox 344 2205 1749 2271; baseline 0.004 -21"><span class='ocrx_word' id='word_1_192' title='bbox 344 2210 597 2268; x_wconf 88' lang='lat' dir='ltr'>posteaque</span> <span class='ocrx_word' id='word_1_193' title='bbox 609 2206 800 2254; x_wconf 88' lang='lat' dir='ltr'>veniens</span> <span class='ocrx_word' id='word_1_194' title='bbox 814 2206 859 2252; x_wconf 92' lang='lat' dir='ltr'>in</span> <span class='ocrx_word' id='word_1_195' title='bbox 870 2205 1142 2254; x_wconf 87' lang='lat' dir='ltr'>comitatum</span> <span class='ocrx_word' id='word_1_196' title='bbox 1153 2223 1289 2254; x_wconf 91' lang='lat' dir='ltr'>suum</span> <span class='ocrx_word' id='word_1_197' title='bbox 1302 2207 1502 2254; x_wconf 83' lang='lat' dir='ltr'>Arthesii</span> <span class='ocrx_word' id='word_1_198' title='bbox 1524 2213 1749 2271; x_wconf 88' lang='lat' dir='ltr'>tanquam</span> 
     </span>
     <span class='ocr_line' id='line_1_27' title="bbox 345 2280 1748 2349; baseline 0.004 -23"><span class='ocrx_word' id='word_1_199' title='bbox 345 2281 534 2344; x_wconf 82' lang='lat' dir='ltr'>propria</span> <span class='ocrx_word' id='word_1_200' title='bbox 552 2280 741 2330; x_wconf 87' lang='lat' dir='ltr'>domina</span> <span class='ocrx_word' id='word_1_201' title='bbox 761 2299 842 2331; x_wconf 90' lang='lat' dir='ltr'>seu</span> <span class='ocrx_word' id='word_1_202' title='bbox 862 2283 1113 2341; x_wconf 87' lang='lat' dir='ltr'>comitissa,</span> <span class='ocrx_word' id='word_1_203' title='bbox 1139 2284 1394 2332; x_wconf 87' lang='lat' dir='ltr'>honorifice</span> <span class='ocrx_word' id='word_1_204' title='bbox 1414 2290 1602 2349; x_wconf 87' lang='lat' dir='ltr'>recepta</span> <span class='ocrx_word' id='word_1_205' title='bbox 1624 2290 1698 2333; x_wconf 87' lang='lat' dir='ltr'>est</span> <span class='ocrx_word' id='word_1_206' title='bbox 1712 2285 1748 2331; x_wconf 82' lang='lat'>3.</span> 
     </span>
    </p>
   </div>
   <div class='ocr_carea' id='block_1_4' title="bbox 346 2455 1751 2553">
    <p class='ocr_par' dir='ltr' id='par_1_4' title="bbox 346 2455 1751 2553">
     <span class='ocr_line' id='line_1_28' title="bbox 392 2455 1751 2508; baseline 0.005 -18"><span class='ocrx_word' id='word_1_207' title='bbox 392 2455 530 2491; x_wconf 78' lang='lat' dir='ltr'>1.E11e</span> <span class='ocrx_word' id='word_1_208' title='bbox 552 2456 675 2491; x_wconf 79' lang='lat' dir='ltr'>obtint</span> <span class='ocrx_word' id='word_1_209' title='bbox 696 2457 729 2491; x_wconf 84' lang='lat' dir='ltr'>le</span> <span class='ocrx_word' id='word_1_210' title='bbox 751 2460 875 2494; x_wconf 79' lang='lat' dir='ltr'>comte</span> <span class='ocrx_word' id='word_1_211' title='bbox 895 2459 928 2494; x_wconf 86' lang='lat' dir='ltr'>d</span> <span class='ocrx_word' id='word_1_212' title='bbox 933 2459 1063 2496; x_wconf 86' lang='lat' dir='ltr'>Artois</span> <span class='ocrx_word' id='word_1_213' title='bbox 1083 2471 1151 2507; x_wconf 79' lang='lat' dir='ltr'>par</span> <span class='ocrx_word' id='word_1_214' title='bbox 1168 2471 1243 2497; x_wconf 86' lang='lat' dir='ltr'>unc</span> <span class='ocrx_word' id='word_1_215' title='bbox 1259 2460 1410 2508; x_wconf 81' lang='lat' dir='ltr'>adjudic</span> <span class='ocrx_word' id='word_1_216' title='bbox 1415 2461 1522 2498; x_wconf 71' lang='lat' dir='ltr'>ttion</span> <span class='ocrx_word' id='word_1_217' title='bbox 1537 2460 1751 2508; x_wconf 82' lang='lat' dir='ltr'>provision-</span> 
     </span>
     <span class='ocr_line' id='line_1_29' title="bbox 346 2514 922 2553; baseline 0.007 -4"><span class='ocrx_word' id='word_1_218' title='bbox 346 2515 445 2549; x_wconf 78' lang='lat' dir='ltr'>mlle</span> <span class='ocrx_word' id='word_1_219' title='bbox 467 2515 542 2550; x_wconf 72' lang='lat' dir='ltr'>le</span> <span class='ocrx_word' id='word_1_220' title='bbox 521 2514 566 2550; x_wconf 69' lang='lat'>0⁶2</span> <span class='ocrx_word' id='word_1_221' title='bbox 587 2515 795 2552; x_wconf 79' lang='lat' dir='ltr'>novembre</span> <span class='ocrx_word' id='word_1_222' title='bbox 820 2516 922 2553; x_wconf 72' lang='lat'>1329.</span> 
     </span>
    </p>
   </div>
   <div class='ocr_carea' id='block_1_5' title="bbox 347 2574 1751 2798">
    <p class='ocr_par' dir='ltr' id='par_1_5' title="bbox 347 2574 1751 2678">
     <span class='ocr_line' id='line_1_30' title="bbox 392 2574 1751 2627; baseline 0.006 -19.035"><span class='ocrx_word' id='word_1_223' title='bbox 392 2574 411 2608; x_wconf 70' lang='grc' dir='ltr'>Ξ</span> <span class='ocrx_word' id='word_1_224' title='bbox 420 2574 613 2617; x_wconf 80' lang='lat' dir='ltr'>Jeanue,</span> <span class='ocrx_word' id='word_1_225' title='bbox 640 2585 761 2610; x_wconf 81' lang='lat' dir='ltr'>vcuve</span> <span class='ocrx_word' id='word_1_226' title='bbox 791 2575 835 2610; x_wconf 82' lang='lat' dir='ltr'>do</span> <span class='ocrx_word' id='word_1_227' title='bbox 862 2576 1036 2624; x_wconf 76' lang='lat' dir='ltr'>philippe</span> <span class='ocrx_word' id='word_1_228' title='bbox 1063 2578 1096 2614; x_wconf 88' lang='lat' dir='ltr'>le</span> <span class='ocrx_word' id='word_1_229' title='bbox 1125 2579 1248 2627; x_wconf 81' lang='lat' dir='ltr'>Long,</span> <span class='ocrx_word' id='word_1_230' title='bbox 1275 2586 1432 2616; x_wconf 83' lang='lat' dir='ltr'>mourut</span> <span class='ocrx_word' id='word_1_231' title='bbox 1461 2580 1495 2616; x_wconf 89' lang='lat' dir='ltr'>le</span> <span class='ocrx_word' id='word_1_232' title='bbox 1525 2579 1565 2616; x_wconf 72' lang='lat'>21</span> <span class='ocrx_word' id='word_1_233' title='bbox 1597 2579 1751 2627; x_wconf 83' lang='lat' dir='ltr'>janvier</span> 
     </span>
     <span class='ocr_line' id='line_1_31' title="bbox 347 2632 612 2678; baseline 0.008 -11"><span class='ocrx_word' id='word_1_234' title='bbox 347 2632 436 2668; x_wconf 80' lang='lat'>1330</span> <span class='ocrx_word' id='word_1_235' title='bbox 460 2637 511 2678; x_wconf 86' lang='lat' dir='ltr'>(u.</span> <span class='ocrx_word' id='word_1_236' title='bbox 535 2634 612 2677; x_wconf 81' lang='lat' dir='ltr'>st.).</span> 
     </span>
    </p>

    <p class='ocr_par' dir='ltr' id='par_1_6' title="bbox 349 2691 1749 2798">
     <span class='ocr_line' id='line_1_32' title="bbox 394 2691 1749 2744; baseline 0.004 -19"><span class='ocrx_word' id='word_1_237' title='bbox 394 2691 425 2725; x_wconf 74' lang='lat'>23.</span> <span class='ocrx_word' id='word_1_238' title='bbox 448 2691 598 2727; x_wconf 81' lang='lat' dir='ltr'>Joanne</span> <span class='ocrx_word' id='word_1_239' title='bbox 620 2691 670 2735; x_wconf 90' lang='lat' dir='ltr'>II,</span> <span class='ocrx_word' id='word_1_240' title='bbox 694 2691 768 2728; x_wconf 81' lang='lat' dir='ltr'>lille</span> <span class='ocrx_word' id='word_1_241' title='bbox 790 2692 900 2728; x_wconf 57' lang='lat' dir='ltr'>aimon</span> <span class='ocrx_word' id='word_1_242' title='bbox 921 2693 966 2730; x_wconf 85' lang='lat' dir='ltr'>de</span> <span class='ocrx_word' id='word_1_243' title='bbox 989 2694 1162 2743; x_wconf 77' lang='lat' dir='ltr'>philippe</span> <span class='ocrx_word' id='word_1_244' title='bbox 1184 2697 1217 2732; x_wconf 85' lang='lat' dir='ltr'>lc</span> <span class='ocrx_word' id='word_1_245' title='bbox 1238 2697 1359 2744; x_wconf 82' lang='lat' dir='ltr'>Long,</span> <span class='ocrx_word' id='word_1_246' title='bbox 1379 2697 1434 2733; x_wconf 87' lang='lat' dir='ltr'>fut</span> <span class='ocrx_word' id='word_1_247' title='bbox 1455 2696 1602 2733; x_wconf 84' lang='lat' dir='ltr'>admise</span> <span class='ocrx_word' id='word_1_248' title='bbox 1625 2695 1647 2731; x_wconf 69' lang='grc' dir='ltr'>ἡ</span> <span class='ocrx_word' id='word_1_249' title='bbox 1667 2696 1749 2743; x_wconf 74' lang='lat' dir='ltr'>pre-</span> 
     </span>
     <span class='ocr_line' id='line_1_33' title="bbox 349 2750 1546 2798; baseline 0.007 -15"><span class='ocrx_word' id='word_1_250' title='bbox 349 2754 405 2784; x_wconf 77' lang='lat' dir='ltr'>tor</span> <span class='ocrx_word' id='word_1_251' title='bbox 427 2750 628 2797; x_wconf 76' lang='lat' dir='ltr'>hommage</span> <span class='ocrx_word' id='word_1_252' title='bbox 649 2751 693 2787; x_wconf 84' lang='lat' dir='ltr'>do</span> <span class='ocrx_word' id='word_1_253' title='bbox 715 2762 784 2786; x_wconf 83' lang='lat' dir='ltr'>son</span> <span class='ocrx_word' id='word_1_254' title='bbox 807 2753 930 2787; x_wconf 70' lang='lat' dir='ltr'>comt(¹</span> <span class='ocrx_word' id='word_1_255' title='bbox 952 2763 1019 2798; x_wconf 80' lang='lat' dir='ltr'>par</span> <span class='ocrx_word' id='word_1_256' title='bbox 1041 2754 1172 2790; x_wconf 75' lang='lat' dir='ltr'>lettres</span> <span class='ocrx_word' id='word_1_257' title='bbox 1193 2755 1242 2790; x_wconf 83' lang='lat' dir='ltr'>du</span> <span class='ocrx_word' id='word_1_258' title='bbox 1265 2756 1308 2791; x_wconf 83' lang='lat'>30</span> <span class='ocrx_word' id='word_1_259' title='bbox 1330 2757 1419 2791; x_wconf 78' lang='lat' dir='ltr'>aout</span> <span class='ocrx_word' id='word_1_260' title='bbox 1443 2755 1546 2791; x_wconf 83' lang='lat'>1330.</span> 
     </span>
    </p>
   </div>
  </div>
 </body>
</html>
