1923 3358
140 287 243 334 ¹l367]
416 291 786 323 CHRONOGRAPHIA
811 291 964 323 REGUM
990 289 1268 322 FRANCORUM.
1474 285 1541 321 313

141 390 162 414 ι(
193 373 288 417 Deo
304 387 572 434 possumus,
591 371 834 435 oportunis
852 371 1069 418 remediis
1090 386 1405 418 occurramus
1424 371 1542 417 Con-

143 467 163 492 «
194 448 473 496 sideratione
498 449 640 513 igitur
666 449 1024 512 premissorum,
1049 464 1191 512 super
1208 447 1295 495 hiis
1318 464 1425 494 cum
1450 447 1543 494 fra-

142 544 162 568 «
193 524 344 572 tribus
378 525 551 571 nostris
585 525 917 572 deliberatione
956 525 1197 588 prehabita
1228 523 1459 589 diligenti,
1496 529 1543 570 et

141 620 161 644 ι(
194 600 252 648 de
278 601 491 663 ipsorum
517 601 724 656 consilio,
763 607 812 648 ut
846 601 979 648 bonis
1011 607 1056 647 et
1086 600 1302 647 fidelibus
1335 599 1543 663 tranqui-

140 696 160 721 «
195 677 371 724 litatem
396 693 726 740 preservemus
748 683 794 724 et
820 694 1000 741 pacem,
1024 693 1077 724 ac
1096 693 1351 740 pravorum
1377 676 1545 740 iniqui-

141 773 160 798 «
191 753 364 801 tatibus
400 753 681 811 animarum,
724 754 941 817 periculis
978 770 1309 817 personarum,
1352 753 1545 802 excidiis

141 850 160 876 c<
192 830 493 878 ecclesiarum
528 836 573 878 et
611 831 1029 879 ecclesiasticorum
1072 831 1362 894 aliorumque
1398 830 1545 878 bono-

141 928 159 952 «
192 924 298 956 rum
318 907 573 971 dispendiis
600 914 644 955 et
666 908 876 973 jacturis,
902 909 1094 972 aliisque
1119 908 1253 955 malis
1280 907 1544 972 hujusmodi

140 1004 159 1029 c
191 991 415 1048 quantum
442 1001 548 1032 cum
574 989 670 1033 Deo
702 1002 971 1049 possumus,
1002 985 1249 1033 salubriter
1278 984 1540 1041 obviemus,

140 1083 159 1107 c<
191 1062 467 1110 auctoritate
492 1063 763 1126 apostolica,
786 1069 948 1110 tenore
967 1062 1261 1126 presencium
1279 1062 1541 1119 statuimus,

139 1158 158 1182 «
191 1138 447 1186 districtius
469 1139 731 1187 inhibentes
753 1156 811 1187 ne
839 1139 989 1202 aliqua
1010 1155 1212 1202 persona
1238 1139 1545 1186 ecclesiastica

140 1235 160 1259 «
192 1215 266 1263 vel
291 1215 543 1270 mundana,
570 1216 884 1280 cujuscunque
905 1216 1264 1280 preeminencie,
1288 1216 1541 1280 dignitatis,

140 1312 160 1336 <‹
193 1298 362 1350 status,
397 1292 576 1340 ordinis
605 1293 679 1340 vel
713 1293 1016 1341 condictionis
1052 1293 1243 1346 existat,
1277 1293 1546 1340 societatem

140 1389 159 1414 «
192 1370 264 1416 vel
317 1370 560 1417 societates
617 1370 883 1434 hujusmodi
940 1370 998 1417 de
1051 1376 1207 1417 cetero
1261 1386 1546 1434 congregare

140 1467 159 1491 c<
192 1447 369 1503 facere,
400 1453 600 1494 tractare
636 1464 716 1495 seu
755 1447 998 1503 ordinare,
1039 1453 1119 1494 aut
1154 1453 1459 1511 congregatas
1500 1447 1545 1493 in

141 1543 161 1568 <1
192 1523 349 1587 ipsum
377 1541 575 1588 regnum
596 1524 835 1581 inducere,
866 1525 1050 1571 mittere
1077 1524 1151 1570 vel
1177 1530 1337 1571 tenere
1365 1541 1447 1572 seu
1468 1524 1548 1571 ali-

140 1620 160 1644 «
193 1601 392 1664 qualiter
418 1601 595 1658 fovere,
626 1608 705 1649 aut
731 1602 777 1648 in
804 1602 870 1649 eis
893 1602 966 1648 vel
995 1618 1156 1649 earum
1177 1601 1349 1664 aliqua,
1375 1601 1548 1664 capita-

140 1696 159 1721 «
193 1682 382 1725 neatum
408 1684 487 1725 aut
515 1678 924 1734 constabulariam,
955 1677 1053 1725 sive
1086 1677 1208 1724 aliud
1234 1677 1548 1740 quodcunque

141 1773 161 1798 «
192 1754 397 1801 officium
425 1771 507 1801 seu
536 1755 845 1802 ministerium
879 1770 1134 1811 assumere,
1164 1760 1243 1801 aut
1273 1770 1331 1801 ex
1357 1753 1548 1816 antiquo

142 1851 162 1876 «
193 1831 265 1878 vel
287 1848 410 1879 novo
430 1837 646 1895 tempore
667 1838 962 1895 assumptum
979 1830 1333 1894 quomodolibet
1346 1830 1548 1877 retinere

141 1927 160 1952 <‹
194 1914 272 1955 aut
307 1925 543 1965 exercere,
583 1909 854 1956 banneriam
889 1925 971 1956 seu
1001 1908 1223 1955 vexillum
1253 1908 1433 1972 erigere
1467 1924 1547 1954 seu

141 2002 161 2027 ε(
194 1984 395 2041 deferre,
426 1985 499 2032 vel
531 2002 580 2032 se
606 1986 652 2032 in
683 1985 947 2049 hujusmodi
982 1985 1280 2033 societatibus
1306 1983 1440 2039 infra,
1466 2000 1548 2030 seu

142 2080 160 2104 c<
193 2068 356 2108 contra
392 2061 569 2109 dictum
604 2079 803 2126 regnum
835 2063 931 2125 jam
972 2062 1103 2109 factis
1135 2061 1208 2108 vel
1238 2060 1547 2123 imposterum

143 2158 161 2181 «ι
194 2138 432 2195 faciendis,
471 2138 784 2201 quovismodo
811 2139 1020 2202 recipere
1047 2155 1128 2185 seu
1161 2137 1439 2192 immiscere,
1471 2143 1550 2184 aut

142 2233 161 2257 <x
194 2213 241 2260 in
274 2214 340 2261 eis
378 2215 655 2272 tractandis,
696 2214 1025 2262 contrahendis
1064 2231 1144 2261 seu
1181 2213 1426 2261 firmandis
1470 2219 1549 2260 aut

143 2311 162 2335 (ι
191 2291 286 2355 jam
320 2292 452 2339 factis
482 2309 563 2340 seu
600 2292 845 2348 faciendis,
884 2291 1243 2339 manutenendis
1279 2297 1326 2338 et
1359 2306 1549 2338 conser-

142 2387 161 2411 «
195 2368 379 2426 vandis‚
411 2369 523 2416 dare
550 2386 760 2433 operam,
788 2369 1047 2425 consilium,
1072 2368 1295 2416 auxilium
1320 2367 1393 2415 vel
1420 2367 1548 2415 favo-

143 2464 162 2488 «
196 2461 315 2501 rem,
338 2452 416 2494 aut
437 2463 544 2493 cum
568 2447 682 2510 ipsis
702 2445 1001 2494 societatibus
1017 2447 1113 2511 jam
1134 2445 1264 2493 factis
1281 2446 1355 2493 vel
1372 2446 1548 2509 impos-

143 2541 161 2565 «
194 2528 346 2568 terum
389 2523 636 2580 faciendis,
675 2524 910 2586 prefatum
954 2539 1150 2588 regnum
1195 2529 1274 2571 aut
1317 2522 1543 2579 civitates,

144 2619 163 2643 «
196 2605 363 2655 terras,
394 2607 562 2656 castra,
598 2601 728 2647 villas
754 2601 826 2647 vel
856 2600 942 2647 alia
968 2600 1130 2664 quevis
1157 2600 1256 2647 loca
1281 2616 1362 2646 seu
1388 2605 1547 2662 partes

144 2694 163 2717 «
195 2681 273 2721 aut
296 2691 521 2737 personas
548 2681 593 2721 et
617 2675 738 2722 bona
764 2675 874 2723 dicti
898 2675 1029 2740 regni
1054 2675 1292 2731 invadere,
1316 2690 1546 2738 occupare

143 2769 162 2793 «
196 2750 266 2797 vel
304 2750 512 2798 detinere
549 2758 627 2798 aut
671 2751 968 2816 depopulari,
1010 2752 1083 2800 vel
1125 2767 1290 2799 eorum
1327 2767 1417 2814 ope
1463 2767 1544 2798 seu
