1923 3358
145 290 248 336 1341]
420 295 788 328 CHRONOGRAPHIA
816 297 967 330 REGUM
993 298 1271 332 FRANGORUM.
1476 299 1541 336 179

144 390 164 414 «
193 371 402 418 narravit
415 372 453 418 ei
473 373 670 435 qualiter
686 390 915 422 consensu
934 374 1164 423 baronum
1184 392 1375 424 suorum
1396 385 1541 442 nupta

142 465 163 491 ε(
193 447 344 494 fuerat
369 449 524 495 comiti
558 449 874 498 Montisfortis.
910 470 929 494 »
961 452 1040 499 Cui
1066 452 1160 499 dux·
1197 471 1206 499 ε
1248 472 1267 497 «
1304 453 1373 501 Ad
1406 456 1541 502 Sum-

140 542 161 568 «
191 540 322 571 mum
364 525 633 572 Pontificem
677 525 848 573 ibImus
889 532 934 573 et
980 527 1208 590 quidquid
1257 529 1541 579 ordinaverit

139 620 158 645 c<
190 602 498 650 indelebiliter
523 608 812 666 permaneat.
849 622 869 648 »

201 698 222 723 «
255 678 521 728 Concordes
540 678 683 743 igitur
701 679 916 727 abierunt
935 679 994 727 ad
1018 683 1191 744 Papam
1212 688 1259 730 et
1280 701 1386 732 eum
1406 685 1465 733 de
1488 703 1539 734 re

137 775 156 800 α
187 761 318 820 gesta
338 756 724 803 informaverunt.
749 758 875 803 Tunc
892 759 1014 820 Papa
1033 757 1097 804 ait
1116 757 1300 807 ducisse
1326 778 1335 806 :
1364 780 1384 805 «
1407 762 1534 821 Filia,

135 851 155 876 (ι
187 848 455 895 quanquam
485 848 643 880 comes
668 833 972 881 Montisfortis
1001 850 1094 881 non
1121 835 1180 882 sit
1205 853 1317 884 vere
1342 839 1538 887 maritus

135 928 155 954 «
185 915 309 967 tuus,
334 909 372 956 si
399 910 457 957 ab
483 926 538 957 eo
564 910 684 957 filios
709 910 972 974 suscepisti,
1001 928 1093 959 non
1121 919 1318 977 propter
1342 914 1430 962 hoc
1449 916 1539 963 dif-

132 1006 152 1031 «
184 986 450 1034 fammanda
466 1003 533 1034 es.
554 987 740 1035 Adhere
760 986 902 1052 igitur
923 987 1046 1046 duci,
1071 1006 1246 1053 sponso
1261 997 1343 1039 tuo
1360 993 1533 1056 primo,

131 1085 152 1111 <‹
182 1071 228 1113 et
254 1066 319 1114 sic
345 1065 580 1114 dictamini
607 1066 799 1114 rationis
825 1072 872 1114 et
894 1083 997 1115 mee
1018 1067 1215 1132 jussioni
1240 1065 1445 1134 parebis.
1468 1075 1536 1120 Tu

129 1162 148 1186 (ι
180 1159 296 1190 vero
322 1159 480 1191 comes
509 1143 813 1191 Montisfortis
843 1144 943 1191 redi
983 1144 1029 1193 in
1061 1151 1236 1194 terram
1261 1152 1390 1194 tuam
1417 1154 1463 1196 et
1495 1149 1532 1196 si

128 1237 148 1262 c(
180 1235 322 1282 quem
364 1219 511 1266 filium
554 1219 773 1267 habueris
817 1236 875 1266 ex
913 1237 989 1278 ea,
1029 1237 1136 1268 cum
1177 1223 1396 1271 omnibus
1441 1241 1532 1288 que

126 1315 146 1340 <t
177 1301 334 1344 tecum
364 1296 598 1344 adduxisti
629 1297 774 1345 reduc
804 1302 977 1345 tecum.
1014 1318 1034 1343 »
1068 1299 1354 1348 Conformati
1390 1301 1532 1366 igitur

128 1392 148 1417 «
178 1373 333 1437 papali
369 1390 449 1420 seu
479 1374 734 1436 apostolico
763 1374 954 1438 judicio,
989 1377 1193 1440 regressi
1225 1382 1333 1425 sunt
1358 1381 1531 1442 Namp-

126 1468 146 1493 «
177 1450 320 1506 netis,
362 1449 442 1496 ubi
477 1450 710 1498 celebrato
753 1467 924 1516 magno
966 1452 1107 1510 festo,
1144 1454 1338 1502 recessit
1378 1454 1531 1504 dictus

125 1546 145 1571 <‹
175 1543 332 1574 comes
357 1526 660 1575 Montisfortis
680 1544 787 1575 cum
806 1529 943 1576 unico
962 1529 1058 1577 filio
1083 1547 1185 1588 suo,
1210 1531 1289 1594 qui
1310 1548 1434 1580 nunc
1459 1538 1529 1581 est

124 1623 145 1648 <t
176 1621 333 1652 comes
359 1604 570 1669 ejusdem
596 1605 860 1653 comitatus.

188 1700 208 1725 «
240 1681 546 1730 Postmodum
571 1699 685 1729 vero
712 1682 809 1730 dux
834 1683 1073 1730 maritavit
1091 1684 1236 1732 filium
1263 1702 1399 1733 suum
1420 1687 1527 1735 Gui-

124 1777 144 1802 «
175 1758 370 1815 donem,
407 1759 485 1822 qui
516 1759 702 1807 modico
739 1765 954 1824 tempore
986 1761 1173 1818 vivens,
1209 1762 1394 1826 reliquit
1424 1764 1527 1811 uni-

121 1854 140 1879 «
172 1852 275 1883 cam
305 1835 447 1883 filiam
482 1852 574 1899 que
615 1843 685 1883 est
717 1853 914 1900 presens
949 1853 1122 1901 sponsa
1160 1855 1280 1887 mea.
1315 1840 1523 1903 Denique

119 1930 138 1955 (ι
171 1916 359 1958 mortuo
388 1911 525 1966 duce,
556 1913 779 1960 successit
805 1913 846 1960 ei
872 1913 1120 1971 Johannes',
1151 1915 1272 1962 filius
1297 1914 1396 1979 ejus
1426 1915 1524 1978 pri-

119 2007 139 2031 «
171 1988 453 2053 mogenitus,
484 1990 562 2052 qui
595 1990 740 2037 frater
770 2006 1024 2054 germanus
1052 1991 1198 2055 patris
1230 2008 1334 2040 mee
1360 1994 1522 2042 uxoris

119 2085 138 2110 (ι
167 2066 335 2112 extitit.
367 2069 466 2124 Quo
496 2066 689 2115 decesso
717 2068 895 2131 absque
921 2068 1113 2131 proprie
1147 2069 1299 2116 carnis
1327 2069 1518 2128 herede,

118 2160 137 2185 «
170 2158 305 2189 causa
331 2142 492 2189 uxoris
523 2159 627 2190 mee
655 2143 876 2190 ducatum
905 2144 1139 2191 Britannie
1170 2145 1377 2208 requiro,
1414 2162 1519 2194 cum

117 2237 136 2261 c<
170 2234 326 2266 comes
358 2218 661 2267 Montisfortis
691 2219 739 2266 in
773 2219 940 2267 eodem
972 2220 1110 2267 nichil
1143 2220 1327 2279 habeat,
1356 2228 1409 2270 ut
1434 2239 1520 2286 per

115 2314 135 2340 «
167 2312 221 2343 ea
253 2312 345 2358 que
380 2295 501 2353 dixi,
539 2297 639 2344 luce
673 2297 842 2344 clarius
877 2303 1076 2344 constat.
1110 2301 1306 2361 Insuper
1341 2299 1519 2348 litteras

114 2390 133 2414 c<
166 2371 316 2435 sigillo
342 2371 578 2419 Britannie
608 2372 864 2436 impressas
893 2372 1042 2419 habeo
1072 2389 1216 2436 penes
1252 2391 1344 2433 me,
1382 2393 1513 2424 men-

114 2467 134 2492 «
166 2448 342 2495 tionem
368 2465 639 2511 expressam
665 2449 723 2496 de
758 2450 846 2496 hoc
878 2450 1114 2497 facientes
1145 2452 1271 2500 Multi
1303 2453 1442 2501 etiam
1472 2455 1515 2501 in

112 2544 132 2569 α
165 2525 312 2589 patria
339 2530 448 2572 sunt
474 2526 550 2589 qui
576 2526 634 2573 de
655 2526 743 2573 hoc
769 2526 879 2573 satis
903 2527 1227 2576 recordantur.
1263 2549 1284 2574 ›>

173 2602 383 2651 Ostendit
419 2602 575 2666 itaque
613 2604 811 2651 Karolus
849 2604 949 2669 regi
986 2604 1178 2665 litteras,
1215 2608 1513 2670 presentibus

107 2677 383 2737 baronibus,
429 2680 696 2744 supplicans
735 2680 777 2728 ei
817 2680 943 2744 quod
981 2681 1019 2729 si
1057 2699 1195 2731 causa
1236 2685 1397 2732 uxoris
1433 2702 1514 2733 sue

107 2755 302 2805 ducatus
346 2756 580 2804 Britannie
619 2762 934 2821 competeret,
982 2758 1040 2807 de
1078 2760 1293 2809 manibus
1329 2762 1511 2810 comitis
