1923 3358
144 262 248 308 1367]
419 265 790 298 CHRONOGRAPHIA
817 265 969 297 REGUM
994 263 1273 296 FRANCORUM.
1481 259 1546 294 317

146 365 165 389 «
196 345 369 392 tatibus
395 351 440 392 et
465 344 723 392 honoribus
750 344 1034 391 secularibus
1063 360 1115 390 ac
1140 342 1304 390 officiis
1330 341 1544 405 publicis,

145 441 165 466 «
198 422 243 468 in
271 422 440 485 quibus
461 422 618 469 forsan
644 427 802 469 essent
827 421 1082 477 constituti,
1106 437 1288 467 exnunc
1309 424 1359 466 ut
1380 424 1550 466 extunc

146 519 166 543 (ι
197 499 477 562 deponimus
504 516 557 545 ac
589 515 675 561 per
711 497 995 545 sentenciam
1022 513 1338 554 removemus,
1372 513 1425 543 ac
1455 496 1550 543 cin-

144 594 164 619 «
196 575 304 639 gulo
331 574 535 630 militari,
569 574 607 620 si
640 574 832 620 forsitan
868 590 923 620 eo
954 579 1110 620 essent
1139 573 1363 629 decorati,
1395 572 1552 635 priva-

145 670 165 695 «
196 668 319 708 mus,
350 667 525 713 eosque
560 650 619 696 ad
652 650 815 697 eadem
854 649 1022 706 officia,
1053 649 1318 714 dignitates,
1350 650 1552 698 honores

146 747 166 772 <t
196 733 243 774 et
273 727 457 791 cingulo
491 725 676 773 militari
709 725 952 773 reddimus
982 724 1209 772 inhabiles
1237 732 1283 773 et
1314 726 1548 790 indignos.

146 823 165 848 α
196 803 330 862 Quod
356 803 394 850 si
423 803 544 849 inter
570 818 650 849 eos
678 802 770 848 sint
799 802 939 865 aliqui
964 802 1117 851 clerici
1144 803 1217 849 vel
1246 803 1553 850 ecclesiastice

145 900 164 924 c<
198 896 416 944 persone,
444 878 713 943 dignitates,
744 885 1022 942 personatus
1053 879 1125 925 vel
1162 879 1330 936 officia,
1366 879 1553 926 canoni-

147 977 165 1001 «
197 962 326 1004 catus
362 961 408 1002 et
449 954 716 1018 prebendas
753 962 799 1002 et
839 955 925 1002 alia
967 955 1131 1018 quevis
1167 954 1408 1012 beneficia,
1448 972 1553 1003 cum

146 1051 164 1076 α
197 1049 308 1080 cura
328 1031 400 1079 vel
428 1031 527 1078 sine
548 1047 676 1087 cura,
702 1048 781 1078 seu
807 1031 1232 1079 administrationes
1253 1048 1553 1095 quascunque

145 1127 165 1152 (ι
199 1108 463 1155 obtinentes
518 1107 595 1170 qui
655 1113 830 1154 sortem
886 1106 1069 1154 Domini
1125 1106 1171 1153 in
1226 1124 1367 1170 quam
1422 1114 1554 1154 erant

145 1204 164 1228 «
198 1183 425 1248 assumpti
452 1183 700 1231 temerarie
732 1183 1048 1246 relinquentes
1076 1189 1122 1231 et
1146 1183 1387 1231 ministros
1413 1183 1551 1231 Belial

145 1279 164 1303 (ς
198 1276 251 1306 ac
276 1259 534 1323 iniquitatis
560 1259 779 1306 satellites
806 1276 854 1306 se
884 1259 1237 1316 constituentes,
1276 1260 1405 1323 ipsos
1432 1260 1552 1307 ultra

147 1356 166 1381 (ς
198 1337 435 1400 predictas
475 1353 621 1399 penas
660 1343 706 1384 et
751 1336 1036 1393 sentencias,
1082 1336 1253 1398 quibus
1294 1337 1434 1383 etiam
1471 1353 1552 1383 eos

148 1433 167 1458 «
198 1414 414 1461 volumus
440 1414 698 1478 subjacere,
729 1413 905 1461 eisdem
939 1413 1259 1478 dignitatibus,
1292 1413 1553 1476 personati-

147 1510 166 1535 «
199 1491 305 1548 bus,
341 1491 524 1548 officiis,
555 1490 901 1538 canonicatibus
936 1497 982 1537 et
1014 1490 1284 1553 prebendis,
1318 1490 1552 1538 beneficiis

147 1587 166 1612 ε(
200 1574 245 1615 et
266 1568 753 1615 administracionibus
767 1568 872 1631 ipso
889 1568 1010 1615 facto
1025 1567 1319 1615 decernimus
1337 1584 1439 1615 esse
1458 1567 1554 1630 pri-

147 1665 167 1690 «
198 1652 359 1702 vatos3
389 1645 696 1692 concedentes
722 1645 808 1692 illis
833 1644 892 1692 ad
918 1661 1036 1708 quos
1062 1644 1334 1692 earumdem
1356 1644 1553 1709 dignita-

148 1742 168 1767 «
198 1729 316 1779 tum,
337 1729 692 1786 personatuum,
714 1722 993 1778 officiorum,
1015 1721 1367 1768 canonicatuum
1387 1727 1433 1768 et
1446 1738 1554 1785 pre-

148 1819 167 1843 «
199 1798 477 1856 bendarum,
493 1799 829 1846 beneficiorum
838 1805 884 1846 et
898 1798 1359 1846 administracionum
1373 1798 1553 1845 collatio

148 1896 168 1921 α
199 1893 280 1923 seu
316 1877 524 1940 provisio
556 1877 760 1940 pertinet
793 1894 847 1924 ea
887 1875 1157 1924 conferendi
1195 1882 1240 1922 et
1272 1875 1553 1938 providendi

147 1971 166 1995 «
199 1952 257 1999 de
291 1953 377 2000 illis
407 1952 621 2015 personis
652 1952 865 2016 ydoneis,
902 1959 1044 2016 prout
1081 1951 1304 2015 expedire
1328 1951 1549 2009 viderint,

149 2048 168 2073 (ι
200 2029 387 2092 plenam
407 2035 453 2076 et
473 2028 667 2075 liberam
686 2029 952 2076 facultatem
978 2046 1031 2076 ac
1051 2029 1118 2076 eis
1139 2029 1185 2076 in
1204 2029 1375 2076 virtute
1398 2034 1554 2076 sancte

148 2126 168 2151 c<
199 2107 469 2155 obediencie
496 2106 706 2153 districte
733 2106 1007 2153 mandantes
1033 2106 1160 2169 quod
1182 2106 1239 2152 ad
1261 2106 1554 2153 collationem

150 2204 170 2228 (ι
201 2190 247 2231 et
273 2183 595 2248 provisionem
627 2182 917 2247 hujusmodi,
951 2181 1170 2245 quancito
1196 2182 1262 2229 eis
1288 2182 1345 2230 de
1371 2182 1555 2246 predic-

150 2281 170 2305 «
199 2267 359 2308 torum
392 2260 766 2323 delinquencium
805 2259 1071 2324 hujusmodi
1108 2259 1255 2322 culpis
1295 2259 1555 2306 constiterit

150 2359 169 2383 <‹
202 2339 459 2403 procedere
481 2356 575 2386 non
599 2344 900 2403 postponant,
926 2338 1053 2402 quod
1074 2337 1108 2385 si
1134 2337 1275 2384 iidem
1295 2338 1462 2402 prelati
1482 2338 1553 2385 vel

151 2436 171 2461 α
201 2416 277 2462 alii
297 2415 355 2463 ad
373 2433 492 2479 quos
519 2415 785 2479 hujusmodi
806 2415 1055 2463 feudorum
1075 2420 1121 2462 et
1141 2414 1375 2463 bonorum
1395 2431 1556 2478 recep-

151 2513 170 2537 «
205 2493 292 2550 tio,
328 2492 589 2549 concessio,
627 2492 872 2555 dispositio
905 2508 958 2538 ac
990 2491 1293 2556 dignitatum,
1333 2508 1557 2555 persona-

143 2588 170 2615 ·<‹
203 2576 360 2626 tuum,
414 2569 701 2622 officiorum,
750 2568 1131 2625 canonicatuum,
1184 2568 1552 2632 prebendarum,

153 2667 172 2693 c<
206 2647 538 2695 beneficiorum
565 2652 612 2692 et
636 2645 1091 2693 administrationum
1117 2645 1300 2692 collatio
1330 2652 1376 2692 et
1396 2646 1555 2709 provi-

153 2745 174 2770 «
205 2725 295 2781 si0,
335 2730 386 2772 ut
422 2722 727 2786 premittitur,
767 2722 1001 2786 pertinent
1042 2722 1161 2770 infra
1201 2723 1336 2770 unius
1381 2722 1554 2770 mensis
