1923 3358
184 264 287 310 1341]
455 268 825 301 CHRONOGRAPHIA
852 270 1006 302 REGUM
1031 269 1309 303 FRANCORUM.
1524 271 1586 306 191

180 347 460 394 Normannie
476 348 657 395 veniret
672 355 833 396 contra
853 365 960 396 eum
981 350 1105 412 apud
1126 353 1288 413 Lymo,
1306 350 1463 398 statim
1479 367 1590 399 con-

179 423 278 471 silio
304 424 489 472 Herveii
521 425 579 472 de
612 430 763 473 Leone
793 426 927 490 jussit
960 427 1099 474 scribi
1131 427 1307 475 litteras
1339 428 1516 476 clausas
1542 437 1589 477 et

176 517 254 548 eas
274 501 446 566 signari
470 502 619 566 sigillo
640 520 752 559 suo3
779 503 1065 565 quequidem
1086 503 1239 551 littere
1266 503 1588 568 dirigebantur

174 578 310 626 dictis
345 579 602 626 castellanis
640 585 687 626 et
721 579 1020 626 continebant
1055 585 1228 627 statum
1266 580 1324 628 de
1363 585 1508 646 Lymo
1542 590 1588 631 et

172 655 300 718 quod
325 656 450 703 nullo
475 655 617 702 modo
638 672 688 702 se
707 655 979 702 redderent.
1002 659 1061 703 Et
1079 657 1271 704 tradens
1292 658 1471 707 litteras
1492 661 1587 708 cui-

171 731 278 779 dam
306 748 390 779 suo
415 731 584 778 nuncio
609 731 752 789 fideli,
776 731 978 796 injunxit
998 733 1040 779 ei
1062 733 1190 795 quod
1216 741 1394 782 secrete
1418 736 1506 785 iret
1527 737 1586 786 de

170 814 306 855 nocte
335 813 532 872 propter
562 813 742 855 metum
774 811 1077 866 Francorum,
1109 815 1248 873 atque
1279 810 1456 860 litteras
1488 819 1585 861 tra—

169 884 302 932 deret
327 885 462 933 dictis
487 885 764 933 castellanis.

232 961 317 1020 Qui
351 962 544 1009 veniens
579 979 672 1009 non
708 962 846 1026 longe
881 963 940 1010 ab
974 962 1182 1010 exercitu
1214 966 1522 1023 Francorum,
1557 986 1582 1014 a

165 1039 371 1101 quodam
397 1039 616 1087 Jannensi
639 1039 768 1086 visus
792 1044 881 1098 est,
906 1040 1014 1087 luna
1039 1040 1350 1098 illuminante;
1373 1044 1582 1106 specula-

164 1121 239 1162 tor
279 1116 492 1179 quidem,
538 1133 626 1179 pro
665 1116 858 1173 timore,
905 1116 1090 1164 veniam
1134 1117 1418 1180 postulavit3
1464 1120 1580 1167 alius

163 1198 318 1240 autem
344 1193 620 1257 perquirens
653 1209 795 1256 super
822 1209 929 1240 eum
955 1193 1068 1256 quid
1097 1201 1299 1258 gereret,
1331 1197 1509 1259 reperit
1532 1197 1578 1243 in

162 1267 305 1316 bursa
331 1286 413 1317 sua
439 1269 585 1317 dictas
609 1269 786 1317 litteras
813 1285 1014 1333 eumque
1043 1270 1178 1318 duxit
1204 1271 1262 1318 ad
1288 1270 1473 1330 ducem,
1506 1273 1579 1320 cui

160 1345 316 1408 ipsum
342 1362 540 1393 unacum
567 1345 734 1393 litteris
759 1345 942 1393 obtulit.
967 1349 1070 1394 Dux
1091 1352 1246 1394 autem
1271 1347 1579 1413 interrogavit

161 1423 502 1486 speculatorem
534 1423 593 1471 de
626 1429 749 1470 statu
779 1429 826 1469 et
856 1423 957 1470 loco
990 1423 1069 1470 ubi
1101 1430 1225 1471 esset
1258 1441 1415 1472 comes
1448 1429 1578 1473 Mon-

157 1500 378 1556 tisfortis;
406 1499 485 1563 qui
512 1499 756 1563 respondit
781 1499 908 1562 quod
935 1516 1094 1548 comes
1120 1501 1422 1550 Montisfortis
1450 1502 1574 1550 obsi-

158 1576 298 1624 debat
327 1577 566 1624 castellum
595 1576 654 1623 de
682 1580 828 1640 Lymo
856 1577 904 1623 in
933 1594 1028 1640 quo
1059 1583 1192 1625 erant
1222 1578 1346 1625 intus
1377 1579 1575 1627 Karolus

155 1652 386 1701 Blesensis
412 1659 457 1701 et
477 1654 620 1701 frater
647 1670 776 1710 suus,
803 1653 900 1701 dux
927 1654 1160 1701 Borbonie
1186 1659 1232 1701 et
1252 1671 1410 1703 comes
1441 1656 1574 1704 Gnis-

155 1731 330 1787 nensis,
360 1731 624 1779 Ludovicus
651 1731 710 1778 de
737 1731 958 1794 Hispania
983 1737 1030 1778 et
1054 1731 1213 1795 plures
1239 1732 1332 1780 alii.

217 1810 320 1855 Dux
355 1825 566 1871 quoque,
604 1808 693 1855 hoc
727 1807 885 1854 audito
920 1813 966 1854 et
1000 1807 1112 1854 visis
1153 1808 1342 1865 litteris,
1383 1810 1570 1873 reliquit

153 1884 381 1932 Othonem
406 1888 526 1932 Dore
549 1890 595 1931 et
618 1885 839 1932 Karolum
862 1884 1074 1933 Grimaut
1099 1901 1205 1933 cum
1232 1902 1402 1950 magno
1429 1904 1566 1934 exer-

152 1960 246 2008 citu
283 1960 330 2007 in
368 1960 532 2008 castris
574 1966 619 2007 et
657 1976 764 2008 cum
806 1960 901 2008 suis
942 1960 1232 2024 principibus
1274 1968 1320 2008 et
1357 1963 1563 2010 exercitu

152 2037 343 2101 copioso
375 2037 486 2084 abiit
516 2037 575 2084 ad
606 2037 846 2084 castellum
878 2036 935 2084 de
966 2041 1129 2101 Lymo.
1167 2041 1259 2085 Nec
1291 2044 1564 2101 pretereun-

151 2114 264 2162 dum
300 2114 427 2179 quod
466 2130 624 2161 comes
660 2114 795 2178 Augi,
835 2114 1248 2172 conestabularius,
1285 2122 1479 2164 voverat
1513 2134 1562 2164 se

150 2208 241 2238 non
271 2196 638 2239 commesturum
668 2191 818 2238 donec
845 2191 1088 2239 liberasset
1111 2191 1258 2239 filium
1283 2198 1330 2239 et
1355 2193 1561 2256 reliquos

149 2268 386 2332 principes
413 2285 571 2316 secum
597 2268 834 2316 obsessos.

213 2345 400 2392 Interim
426 2361 532 2392 curn
558 2345 792 2408 principes
825 2344 1004 2392 obsessi
1035 2344 1339 2408 desperarent
1369 2346 1428 2393 de
1454 2363 1558 2395 suc-

146 2438 284 2469 cursu
310 2428 356 2468 et
381 2421 521 2468 locuti
546 2428 702 2468 essent
734 2421 887 2478 simul,
917 2421 1114 2468 Karolus
1143 2421 1372 2470 Blesensis
1396 2425 1554 2487 requi-

146 2499 252 2546 sivit
272 2498 429 2545 comiti
450 2498 750 2546 Montisfortis
769 2505 821 2545 ut
842 2497 1099 2561 susciperet
1125 2514 1233 2546 eum
1256 2498 1314 2545 ad
1337 2499 1556 2563 redemp-

144 2575 319 2623 tionem
354 2591 461 2623 cum
495 2575 710 2622 omnibus
745 2574 825 2638 qui
860 2591 1019 2622 secum
1055 2581 1188 2622 erant
1223 2581 1269 2622 et
1304 2575 1431 2639 quod
1466 2576 1555 2640 ipsi

144 2669 308 2700 omnes
328 2653 507 2700 exirent
527 2657 574 2699 et
593 2651 844 2699 redderent
862 2668 911 2699 se
932 2651 1036 2699 sibi.
1057 2652 1143 2710 Qui
1161 2652 1404 2716 respondit
1425 2653 1553 2715 quod

143 2730 317 2777 frustra
343 2730 613 2793 loqueretur
633 2735 679 2777 et
702 2729 827 2792 quod
855 2728 1074 2793 quicquid
1104 2729 1162 2776 de
1188 2729 1356 2776 ceteris
1381 2729 1554 2792 princi-
