1923 3358
119 295 224 341 1340]
395 298 766 331 CHRONOGRAPHIA
794 297 947 329 REGUM
972 294 1250 328 FRANCORUM.
1459 290 1524 327 107

116 377 296 442 Anglie‚
321 376 403 425 sed
424 393 513 441 pro
531 393 616 424 suo
634 377 754 424 facto
773 374 967 439 proprio
986 373 1226 421 diffidebat
1245 389 1369 430 eum,
1388 378 1527 435 atque

117 454 346 503 reddebat
379 454 421 502 ei
455 459 630 501 terram
667 452 933 501 Ostrevanti
968 456 1014 498 et
1038 451 1255 515 homagia
1280 450 1416 498 illius.
1447 449 1525 498 Cui

117 549 203 580 rex
233 531 478 595 respondit
506 549 515 577 :
550 549 570 575 «
602 533 702 577 Rex
732 528 896 592 Anglie
929 533 977 576 et
1007 527 1081 574 alii
1113 528 1350 592 principes
1381 542 1530 590 usque

122 627 142 653 «
173 609 231 656 ad
258 607 525 672 quindecim
557 612 718 669 preter
742 604 1026 668 Flamingos,
1057 604 1390 652 diffidaverunt
1421 620 1526 652 nos.

122 706 141 730 «
172 685 401 734 Comitem
436 689 591 731 autem
626 681 833 729 Hanonie
869 680 950 745 qui
982 688 1100 730 ΧνΓ15
1137 686 1182 727 ct
1220 681 1409 728 ultimus
1446 696 1532 727 nos

122 782 142 806 «
175 762 421 818 diffidavit,
447 776 590 823 supra
609 764 791 806 ceteros
811 774 976 805 omnes
1003 758 1246 821 penitebit.
1277 778 1297 802 »
1320 761 1533 805 Postmo-

119 840 231 887 dum
257 838 419 895 abbas‚
445 836 675 900 susceptis
699 835 835 883 donis
860 853 885 882 a
911 851 1040 900 rege,
1065 835 1263 899 ipsoque
1282 835 1528 892 valefacto,

118 915 257 963 rediit
284 915 342 963 ad
369 914 608 972 comitem,
633 912 878 960 dominum
904 928 1059 969 suum,
1090 928 1143 959 ac
1173 911 1331 959 retulit
1362 911 1405 958 ei
1435 927 1535 958 res-

118 1007 324 1055 ponsum
350 990 494 1055 regis.

184 1071 350 1117 Comes
375 1067 519 1132 igitur
544 1066 652 1114 fecit
677 1065 920 1114 fortificari
947 1064 1103 1112 omnia
1127 1068 1280 1112 castra
1310 1081 1393 1112 sua
1425 1079 1536 1110 con-

117 1146 227 1193 finia
244 1146 503 1210 patriarum
522 1144 580 1192 de
595 1145 822 1192 Terascha
840 1149 886 1191 et
904 1143 962 1191 de
981 1141 1368 1191 Cammeracesio.
1388 1144 1536 1188 Porro

119 1226 438 1271 Tornacenses
473 1221 632 1270 audito
671 1221 798 1285 quod
835 1237 994 1268 comes
1033 1220 1241 1267 Hanonie
1278 1219 1538 1267 diffidasset

121 1317 281 1366 regem
307 1300 516 1356 Francie,
541 1298 706 1346 armati
732 1298 949 1345 exierunt
974 1297 1033 1344 de
1059 1297 1246 1344 civitate
1273 1313 1372 1352 sua,
1397 1301 1536 1359 atque

120 1383 349 1441 ceperunt
385 1383 563 1424 turrem
595 1375 654 1423 de
685 1375 907 1423 Braiella1
942 1381 988 1422 et
1020 1375 1297 1422 bastardum
1329 1373 1537 1421 Hanonie

120 1453 200 1517 qui
237 1469 374 1501 cecus
411 1453 604 1500 effectus
638 1457 734 1508 est,
775 1452 855 1515 qui
888 1450 1181 1499 custodiebat
1213 1467 1347 1506 eum3
1382 1449 1538 1513 ibique

119 1548 210 1594 pro
236 1530 398 1595 majori
425 1529 582 1593 quiete
607 1528 939 1576 circumdantis
964 1528 1134 1591 patrie,
1160 1527 1389 1575 soldarios
1409 1543 1537 1574 com-

120 1608 366 1656 miserunt.
394 1607 627 1656 Johannes
655 1607 795 1653 etiam
822 1605 881 1653 de
902 1605 1095 1663 Vienna,
1121 1605 1272 1661 miles,
1298 1605 1377 1667 qui
1405 1604 1539 1667 quasi

121 1685 442 1733 locumtenens
480 1683 763 1732 Godemardi
799 1682 859 1730 de
896 1686 1070 1747 Fageto
1107 1681 1403 1729 custodiebat
1439 1697 1541 1729 cas-

121 1769 250 1810 trum
275 1762 334 1810 de
360 1761 630 1810 Mauritania
661 1777 805 1825 super
836 1760 1078 1818 Scaldum,
1112 1776 1224 1806 mox
1256 1765 1308 1806 ut
1341 1758 1536 1815 audivit,

122 1841 334 1889 similiter
364 1840 623 1889 Hanoniam
655 1840 867 1896 intravit,
901 1838 1112 1886 faciendo
1145 1838 1378 1895 cesiones‚
1414 1853 1542 1885 com-

122 1919 363 1968 bustiones
390 1924 436 1966 et
461 1919 650 1982 rapinas
676 1917 1049 1980 quamplurimas
1077 1916 1122 1962 in
1152 1915 1366 1963 eadem?

189 1996 281 2044 Sed
324 2012 483 2043 comes
527 1995 735 2042 Hanonie
776 1995 866 2042 hoc
907 1994 988 2041 diu
1029 1993 1232 2040 tolerare
1276 1991 1486 2054 nequivit
1527 2010 1535 2038 :

125 2073 302 2121 idcirco
340 2073 466 2121 misit
493 2073 768 2130 Henricum‚
801 2071 1044 2119 dominum
1078 2069 1137 2116 de
1168 2068 1402 2132 Anthoing
1435 2083 1541 2115 cum

124 2167 294 2216 magna
317 2150 536 2198 societate
563 2151 643 2213 qui
663 2149 792 2197 venit
817 2148 876 2196 ad
903 2163 1094 2212 passum
1121 2145 1179 2193 de
1206 2145 1366 2193 Thuno
1400 2161 1542 2209 super

173 2309 207 2344 1.
230 2307 438 2355 Bruyesse,
472 2318 521 2344 en
542 2307 752 2356 Belgique,
781 2306 967 2354 province
999 2305 1045 2342 de
1070 2304 1265 2350 Hainaut,
1297 2303 1541 2341 arrondisse-

125 2372 234 2404 ment
273 2367 319 2402 de
356 2367 554 2415 Tournay,
596 2373 740 2404 canton
779 2365 1005 2412 d'Antoing.
1048 2364 1140 2401 Mon
1179 2364 1354 2401 confrere
1393 2368 1431 2400 et
1463 2364 1541 2400 ami

124 2427 176 2463 M.
210 2426 404 2472 Richebe,
441 2427 506 2474 qui
539 2438 561 2462 a
593 2437 641 2463 eu
673 2426 926 2473 l’obligeance
959 2424 1004 2460 de
1037 2435 1100 2460 me
1132 2423 1282 2461 donner
1315 2434 1358 2460 ce
1392 2423 1540 2460 rensei-

125 2490 324 2534 gnement,
347 2497 369 2522 a
388 2485 479 2522 bien
499 2486 616 2523 voulu
636 2497 698 2522 me
720 2485 815 2522 faire
838 2483 966 2521 savoir
980 2494 1055 2532 que
1075 2483 1261 2531 Bruyelle
1282 2494 1322 2520 se
1343 2493 1540 2531 prononce

124 2548 236 2582 Briel.

172 2606 207 2642 ⁶2.
232 2618 248 2638 «
276 2604 325 2640 Et
358 2615 407 2640 xv
437 2604 545 2651 jours
579 2613 689 2651 apres
716 2604 889 2650 Pasques
917 2603 952 2639 le
982 2602 1056 2639 duc
1084 2602 1130 2638 de
1158 2601 1456 2649 Bourgoingne,
1484 2601 1540 2638 les

128 2678 144 2698 «
165 2664 439 2701 mareschaulx
460 2669 497 2700 et
518 2664 553 2700 le
574 2663 824 2700 connestable
841 2663 1156 2700 chevaucherent
1170 2673 1219 2699 en
1242 2660 1443 2697 Hennault
1461 2665 1499 2696 et
1514 2673 1539 2708 y

127 2736 142 2757 «
167 2723 338 2759 ardirent
351 2723 441 2759 bien
455 2729 499 2758 110
512 2722 634 2759 villes.
655 2736 670 2756 »
689 2722 803 2767 (Bibl.
822 2727 918 2765 nat„
936 2721 1045 2758 fonds
1062 2722 1183 2770 franc.
1202 2721 1309 2767 2598,
1328 2720 1391 2757 fol.
1409 2721 1451 2757 51
1470 2725 1537 2760 r0.)

127 2782 182 2818 Cf.
206 2782 413 2829 Froissart,
434 2782 493 2819 ed.
516 2783 636 2829 Luce,
657 2787 685 2818 t.
708 2782 760 2828 ΙΙ,
782 2793 818 2829 p.
843 2782 862 2819 3
883 2787 922 2818 et
945 2782 979 2828 4,
1003 2781 1071 2818 188
1092 2787 1130 2817 et
1152 2781 1231 2818 189.
