1923 3358
115 275 217 322 1346]
383 277 752 310 CHRONOGRAPHIA
777 278 930 310 REGUM
954 278 1232 311 FRANCORUM.
1441 275 1510 311 ι219

112 356 480 420 septimanarum
528 355 730 403 ibidem1
776 357 940 414 traxit,
986 356 1277 420 expectando
1324 362 1512 420 tempus

111 433 263 489 dulce,
287 433 400 480 abiit
420 449 584 481 versus
603 433 946 497 Bergeriacum,
973 433 1054 481 ubi
1080 450 1237 481 comes
1262 433 1512 482 Herbicen-

111 509 175 558 sis
197 526 247 558 se
274 510 479 557 tenebat.

176 586 259 633 Hic
279 586 443 633 videns
459 589 662 632 Francos
682 585 1000 643 advenientes,
1024 586 1226 633 dimissis
1246 586 1513 633 hominibus

111 660 170 707 ad
205 659 559 707 custodiendam
596 658 776 715 villam,
818 660 1010 706 recessit
1042 675 1148 706 cum
1186 660 1391 707 exercitu
1429 676 1513 707 suo

112 736 386 800 premittens
406 751 572 782 currus
589 751 699 782 suos
718 741 823 782 ante
841 751 899 782 ne
915 735 1209 782 retardarent
1226 752 1330 792 eos;
1351 752 1514 799 super-

112 813 239 860 venit
258 818 415 859 autem
435 811 705 875 antegardia
726 814 1011 859 Francorum
1029 811 1262 859 exercitus
1280 818 1385 859 ante
1404 816 1515 860 Ber-

111 889 349 952 geriacum
383 887 429 934 in
465 904 556 949 qua
590 893 722 934 erant
755 904 913 935 comes
946 888 1082 952 Augi,
1121 887 1516 936 conestabularius

111 964 321 1019 Francie‚
345 964 544 1011 Karolus
566 964 624 1011 de
643 964 1022 1020 Montemorensi,
1047 964 1344 1011 marescallus
1370 964 1517 1012 Galle-

111 1042 207 1089 sius
228 1041 287 1088 de
307 1044 515 1097 Bamma,
541 1042 762 1105 magister
786 1041 1148 1089 balistariorum.
1173 1044 1318 1088 Porro
1338 1040 1516 1104 Anglici

111 1118 190 1180 qui
214 1134 306 1164 non
329 1123 586 1180 potuerunt
611 1118 841 1164 sustinere
863 1117 1186 1165 fortitudinem
1209 1120 1512 1173 Francorum,

110 1195 190 1258 qui
217 1194 357 1241 etiam
379 1194 694 1241 formidabant
721 1194 979 1242 exercitum
1003 1200 1384 1257 consequentem,
1409 1199 1518 1258 post

111 1287 277 1319 currus
303 1288 413 1318 suos
446 1271 658 1318 celeriter
685 1278 994 1319 cucurrerunt
1025 1277 1071 1318 et
1097 1271 1310 1319 abierunt
1335 1271 1393 1318 ad
1419 1287 1518 1317 cas-

111 1353 238 1395 trum
265 1347 323 1394 de
348 1347 639 1411 Aguillone2.

177 1422 291 1472 C⁵um
319 1430 474 1470 autem
506 1424 603 1470 dux
632 1423 915 1471 Normannie
940 1423 1143 1471 venisset
1170 1440 1278 1471 cum
1304 1429 1519 1488 antegar-

111 1499 203 1556 dia,
228 1499 317 1546 iter
343 1499 644 1562 arripuerunt
664 1500 723 1547 ad
751 1500 1135 1563 consequendum
1157 1500 1377 1547 comitem
1403 1503 1518 1548 Her-

110 1576 363 1632 bicensem,
381 1582 612 1640 captoque
632 1577 678 1623 in
697 1576 862 1624 itinere
884 1594 968 1624 suo
986 1577 1030 1623 vi
1050 1577 1308 1624 assultuum
1329 1577 1517 1624 castello

112 1652 169 1699 de
193 1654 342 1699 Monte
369 1655 559 1709 Securo,
589 1652 805 1700 abierunt
829 1653 887 1700 ad
913 1656 1102 1700 Portum
1133 1655 1298 1700 Sancte
1325 1653 1515 1701 Marie3.

112 1729 321 1777 Trecenti
338 1746 526 1793 quoque
547 1729 724 1793 Anglici
743 1730 955 1777 videntes
974 1733 1175 1777 Francos
1196 1730 1373 1787 venire,
1393 1729 1520 1777 exie-

162 1865 193 1900 1.
216 1864 272 1900 La
294 1865 502 1911 Chronique
521 1868 727 1903 normannie
755 1867 803 1913 (p.
826 1867 883 1912 71)
906 1866 960 1902 dit
986 1877 1065 1902 non
1094 1877 1162 1913 pas
1191 1866 1284 1903 trois
1315 1867 1520 1915 semaines,

111 1923 211 1959 mais
233 1923 321 1970 cinq
343 1925 550 1961 semaines.

159 1983 194 2019 2.
218 1983 291 2018 Les
320 1985 524 2019 Anciennes
551 1986 769 2030 chroniqucs
794 1987 835 2021 de
868 1986 1027 2020 Flandre
1056 1986 1181 2030 (Istore
1207 1989 1239 2020 et
1264 1987 1455 2030 croniques
1481 1987 1523 2021 de

113 2044 303 2087 Flandres,
324 2047 352 2078 t.
375 2042 407 2089 Ι,
429 2054 464 2089 p.
489 2043 544 2088 35)
567 2043 741 2079 donnent
763 2054 839 2079 une
862 2043 1026 2080 relation
1046 2043 1111 2090 qui
1132 2043 1194 2078 n’a
1214 2054 1281 2090 pas
1303 2043 1348 2079 de
1369 2049 1523 2090 rapport

113 2111 208 2136 avec
231 2100 327 2136 celle
347 2100 393 2136 de
415 2106 526 2137 notre
549 2101 774 2149 chronique.

162 2159 196 2196 3.
220 2159 622 2207 Port-Sainte-Marie,
644 2160 991 2205 Lot-et-Garonne,
1007 2159 1337 2195 arrondissement
1356 2159 1520 2207 d'Agen.

113 2218 275 2266 D’apres
296 2219 347 2255 M.
370 2219 592 2267 Bertrandy
615 2213 741 2266 (E'tude
760 2231 827 2256 sur
842 2222 889 2256 les
904 2221 1121 2263 chroniques
1135 2220 1176 2254 de
1190 2220 1385 2263 Froissart,
1401 2230 1437 2265 p.
1455 2219 1523 2255 316

113 2283 150 2313 et
179 2278 274 2325 317),
305 2284 405 2314 cette
438 2279 546 2325 place
580 2290 629 2315 ne
663 2279 780 2315 serait
806 2290 872 2326 pas
899 2278 1050 2314 tombee
1081 2283 1189 2314 entre
1219 2278 1275 2314 les
1300 2278 1428 2314 mains
1455 2278 1522 2315 des

111 2336 277 2383 Anglais
304 2343 342 2373 et
371 2337 424 2373 les
451 2338 636 2386 Francais
662 2337 895 2382 n'auraient,
916 2348 984 2384 par
1007 2338 1259 2384 consequent,
1287 2348 1355 2384 pas
1377 2349 1423 2374 eu
1444 2337 1466 2373 a
1487 2338 1523 2373 la

113 2394 334 2442 reprendre.
358 2395 582 2442 Cependant
603 2408 654 2432 on
676 2402 850 2434 constate
873 2397 987 2444 qu'en
1009 2396 1098 2433 1342
1120 2396 1295 2443 Philippe
1315 2396 1521 2444 d'Arques,

116 2467 131 2487 «
153 2459 298 2489 mestre
319 2453 385 2490 des
406 2465 545 2491 euvres
568 2466 679 2491 reaus
703 2469 718 2489 »
737 2456 833 2491 dans
856 2455 909 2490 les
930 2455 1233 2491 senechaussees
1254 2453 1464 2503 d⁷Agenois
1485 2460 1523 2492 et

112 2511 158 2547 de
190 2511 409 2558 Gascogne‚
437 2512 564 2550 faisait
593 2524 670 2549 une
700 2513 866 2560 depense
894 2512 939 2549 de
966 2514 1005 2549 51
1037 2513 1153 2550 livres
1179 2514 1356 2550 tournois
1388 2527 1403 2548 α
1427 2524 1523 2560 pour

115 2583 130 2604 <t
155 2570 303 2618 refeyre
324 2571 359 2606 lo
380 2577 474 2618 pont
493 2571 537 2608 de
558 2572 801 2618 Marmande,
823 2572 948 2619 lequel
968 2583 1033 2608 era
1047 2577 1144 2609 estet
1163 2573 1327 2609 destruit
1346 2584 1445 2620 pour
1465 2573 1520 2609 les

115 2642 132 2662 «
155 2641 316 2677 enemys
346 2629 396 2666 du
426 2630 513 2678 Roy
540 2636 670 2667 nostre
699 2631 773 2667 sire
795 2637 832 2666 et
852 2642 948 2677 pour
974 2631 1147 2678 repalher
1174 2632 1210 2668 lo
1231 2637 1325 2679 pont
1345 2632 1405 2668 del
1426 2631 1520 2668 Port

116 2700 131 2721 <t
159 2687 305 2724 Sancta
331 2688 466 2725 Maria.
491 2702 506 2722 »
540 2689 651 2733 (Bibl.
682 2695 778 2735 nat.‚
810 2689 972 2727 Cabinet
999 2689 1065 2727 des
1086 2691 1226 2737 TitreS,
1250 2691 1383 2727 Pieces
1403 2690 1520 2738 origi-

115 2747 238 2791 nales,
259 2748 333 2785 vol.
359 2749 437 2794 104,
462 2749 609 2786 dossier
630 2750 736 2797 2150,
759 2750 865 2797 piece
886 2751 935 2796 2.)
