1923 3358
263 278 328 314 394
534 279 902 311 CHRONOGRAPHIA
928 278 1081 310 REGUM
1106 278 1384 310 FRANCORUM.
1555 275 1660 322 [1380

263 361 462 426 plurima
487 358 704 414 flammis,
735 357 926 405 cedibus
954 362 1000 404 et
1026 356 1186 420 predis
1211 363 1351 419 atque
1377 356 1662 419 redemptio-

263 438 397 485 nibus
434 434 663 491 faciendo,
702 434 879 498 absque
914 435 1002 481 hoc
1037 434 1165 497 quod
1206 433 1372 496 aliquis
1411 432 1664 482 debellaret

261 512 480 576 quoniam
505 510 720 568 Karolus,
743 526 828 557 rex
855 510 1062 567 Francie,
1090 511 1178 557 hoc
1202 525 1426 573 expresse
1451 508 1663 557 inhibue-

258 597 353 647 rat;
382 590 506 637 unde
532 588 692 636 Franci
720 588 855 636 valde
872 588 1130 636 contristati
1154 588 1358 636 fuerunt.

323 672 497 731 Quibus
526 672 592 719 sic
619 672 966 720 transeuntibus
997 678 1045 719 et
1076 672 1306 719 hostiliter
1337 686 1535 735 regnum
1559 686 1665 717 vas-

256 749 477 805 tantibus,
507 748 694 795 interim
725 748 842 796 obiit
873 749 996 796 idem
1022 765 1108 797 rex
1134 748 1332 797 Karolus
1364 747 1410 794 in
1444 763 1528 794 suo
1556 747 1665 794 hos-

256 826 377 889 picio
409 825 467 872 de
497 829 668 873 Beaute
702 843 844 888 super
881 829 1136 873 Maternam
1170 825 1381 881 fluvium,
1424 824 1471 871 in
1503 839 1664 871 mense

255 903 553 966 septembris,
583 902 683 965 xxja
703 902 795 960 die,
824 903 1038 951 videlicet
1061 903 1135 950 die
1157 902 1312 950 Sancti
1334 901 1502 948 Mathei
1525 917 1663 964 apos-

255 980 353 1036 toli,
384 980 474 1027 diei
500 980 613 1026 hora
638 979 834 1035 decima,
869 979 947 1043 qui
975 979 1073 1026 fere
1102 979 1284 1027 duabus
1309 979 1437 1026 horis
1462 984 1568 1026 ante
1593 978 1664 1026 sui

256 1057 498 1105 decessum
525 1057 741 1120 quittavit
769 1057 943 1121 populo
981 1057 1167 1121 fouagia
1199 1057 1256 1104 de
1283 1056 1453 1120 quibus
1478 1056 1663 1104 mencio

254 1135 469 1198 superius
500 1134 618 1182 facta
651 1140 737 1182 est.
774 1138 1064 1197 Insuperque
1090 1134 1243 1198 coegit
1272 1133 1507 1197 subjectos
1534 1149 1661 1189 suos,

254 1217 347 1258 tam
381 1211 428 1257 in
464 1227 611 1275 regno
647 1227 789 1274 quam
828 1211 872 1257 in
899 1210 1175 1274 Dalphinatu
1207 1210 1474 1265 Viennensi,
1505 1210 1664 1257 favere

254 1288 377 1351 parti
403 1288 652 1336 Clementis
678 1292 725 1335 et
748 1287 900 1335 eidem
929 1286 1122 1333 obedire
1149 1291 1196 1334 et
1221 1303 1314 1333 non
1346 1286 1551 1343 Urbano,
1585 1286 1664 1349 qui

256 1364 394 1412 ambo
418 1364 476 1412 de
505 1370 681 1428 papatu
708 1363 1076 1420 contendebant;
1100 1380 1157 1410 eo
1184 1363 1329 1426 quod,
1356 1368 1408 1410 ut
1434 1362 1520 1410 sibi
1546 1362 1666 1410 rela-

255 1448 353 1490 tum
371 1443 605 1498 extiterat,
624 1442 723 1505 ipse
745 1442 956 1489 Clemens
974 1447 1074 1488 erat
1088 1457 1228 1488 verus
1251 1456 1494 1488 successor
1511 1440 1662 1495 Petri;

257 1519 364 1582 quia
394 1525 551 1567 tamen
586 1519 832 1583 ignorabat
865 1518 969 1581 quis
999 1534 1163 1566 eorum
1186 1518 1260 1581 jus
1290 1517 1484 1565 haberet
1508 1517 1556 1564 in
1583 1533 1666 1580 pa-

256 1602 383 1658 patu,
401 1596 649 1643 refferebat
664 1613 714 1643 se
731 1595 925 1643 concilio
937 1594 1140 1659 generali
1152 1611 1295 1658 super
1305 1595 1393 1641 hoc
1405 1593 1638 1641 faciendo¹
1649 1631 1660 1649 ,

257 1744 350 1785 sart,
378 1739 435 1775 ed.
459 1739 619 1786 Kervyn
646 1739 690 1775 de
712 1740 967 1784 Lettenhove,
995 1744 1023 1775 t.
1046 1739 1121 1784 IX,
1147 1751 1183 1786 p.
1213 1739 1278 1775 241
1303 1739 1324 1774 a
1345 1739 1428 1785 271,
1450 1738 1517 1774 273
1538 1737 1560 1774 a
1580 1738 1663 1781 281,

255 1798 323 1834 ι286
343 1798 365 1833 ἐι
385 1798 469 1841 290,
490 1798 558 1835 292
579 1798 600 1834 a
622 1799 703 1843 300,
727 1799 793 1835 303
815 1798 837 1834 a
858 1799 938 1834 321.
958 1798 1009 1834 Le
1031 1798 1104 1834 duc
1125 1797 1170 1833 de
1192 1797 1426 1844 Bourgogne
1448 1802 1485 1833 et
1506 1796 1663 1833 Bureau

255 1856 299 1891 de
328 1856 363 1891 la
390 1856 545 1892 Riviere
573 1856 701 1892 furent
731 1857 892 1903 charges
919 1856 964 1891 de
993 1856 1128 1903 garder
1149 1856 1250 1891 alors
1278 1856 1314 1891 la
1335 1854 1511 1891 Picardie
1540 1846 1666 1899 (Elude

254 1925 320 1949 sur
342 1917 376 1950 la
397 1917 452 1949 vie
472 1916 512 1949 cle
531 1916 623 1950 Jean
643 1917 673 1950 le
693 1915 859 1958 Mercz‘er,
881 1925 916 1960 p.
938 1914 994 1958 81,
1019 1920 1056 1949 et
1076 1914 1122 1949 E.
1144 1913 1259 1958 Petit,
1282 1915 1497 1949 Itineraires
1515 1914 1556 1949 de
1576 1914 1664 1949 Phi-

257 1976 350 2018 lippo
371 1976 401 2009 le
422 1975 540 2009 [lardi
559 1977 591 2008 el
611 1975 651 2008 cle
671 1975 760 2008 Jean
782 1974 1001 2015 Sans-Pam,
1026 1974 1114 2008 dues
1133 1974 1174 2008 de
1195 1974 1418 2018 Bourqoyne,
1442 1983 1477 2018 p.
1504 1972 1597 2014 148).

306 2033 338 2067 1.
362 2032 520 2068 Charles
536 2032 572 2067 V
587 2037 744 2068 mourut
759 2032 780 2067 a
795 2032 1181 2068 Beaute-sur-Marne
1200 2032 1233 2068 le
1257 2031 1297 2067 16
1320 2031 1536 2078 septembre
1560 2031 1663 2068 1380.

257 2091 360 2127 Pour
380 2091 413 2127 le
436 2091 531 2128 recit
551 2090 596 2126 de
618 2102 678 2126 ses
700 2090 875 2127 derniers
897 2095 1105 2136 moments,
1127 2090 1209 2126 voir
1230 2101 1306 2126 une
1334 2089 1496 2126 relation
1523 2090 1664 2127 decon-

256 2155 361 2186 verte
394 2161 463 2196 par
493 2150 543 2185 M.
575 2150 759 2187 Haut-cau
788 2151 943 2191 (Nolices
976 2154 1006 2186 et
1039 2152 1193 2186 eoetraz'ls
1225 2151 1283 2185 des
1310 2151 1535 2185 manuscrits
1560 2151 1602 2185 de
1627 2152 1664 2185 Ia

256 2209 500 2253 Bibl'zssolhe'que
527 2211 726 2253 nationale,
757 2213 784 2245 t.
808 2208 968 2254 XXXI,
995 2207 1033 2243 20
1060 2207 1196 2254 partie,
1225 2212 1261 2242 et
1288 2208 1427 2243 Notices
1454 2211 1485 2242 et
1513 2210 1665 2243 extrails

255 2268 296 2301 de
327 2269 495 2312 quelques
526 2269 751 2302 manuscrits
785 2269 898 2302 latins
931 2268 971 2301 de
1005 2269 1038 2302 la
1068 2267 1311 2311 Biblz'ollieque
1345 2268 1545 2310 nationale,
1577 2271 1603 2301 t.
1633 2265 1663 2310 I,

255 2338 292 2372 p.
314 2324 393 2371 337)
417 2330 454 2361 et
475 2336 550 2361 unc
571 2325 808 2362 declaration
829 2325 1007 2362 officielle
1029 2325 1078 2360 du
1106 2325 1161 2361 roi
1191 2330 1388 2369 mourant,
1416 2324 1568 2371 publice
1598 2336 1666 2371 par

259 2384 467 2431 Raynaldi,
484 2390 521 2419 et
537 2390 617 2420 tout
640 2387 878 2421 recemment
899 2395 967 2431 par
982 2385 1033 2419 M.
1048 2384 1095 2420 N.
1110 2384 1244 2420 Valois
1262 2385 1316 2429 (Le
1332 2385 1407 2419 role
1422 2385 1463 2419 de
1478 2385 1626 2420 Charles
1647 2385 1670 2418 V

257 2455 305 2479 au
335 2445 439 2479 debut
466 2445 516 2479 clu
543 2446 666 2488 qrancl
690 2445 855 2489 schisme,
884 2444 1025 2480 extrait.
1051 2444 1095 2480 de
1125 2443 1525 2480 l'Annuaire-Bulletin
1556 2444 1597 2478 de
1630 2445 1665 2479 la

261 2503 393 2538 Sociale
413 2504 454 2537 cle
476 2504 658 2537 l'lliscoire
678 2505 718 2538 (le
746 2505 891 2547 Franco,
918 2503 1042 2538 annce
1066 2503 1169 2547 1887,
1191 2514 1225 2549 p.
1253 2503 1325 2538 271.
1347 2501 1573 2549 J‘ajouterai
1594 2513 1666 2548 que

261 2561 311 2596 M.
339 2562 378 2596 S.
402 2561 506 2597 Lucc
533 2572 555 2596 a
581 2562 741 2606 propose'
768 2567 850 2597 tout
877 2562 1115 2597 recemment
1136 2560 1362 2596 d'attribuer
1383 2560 1404 2595 ἡ
1426 2559 1599 2606 Philippo
1620 2559 1665 2595 de

261 2619 460 2655 Maizieres
481 2619 518 2655 la
538 2619 792 2665 composition
813 2619 862 2655 du
886 2620 980 2656 recit
1000 2619 1128 2666 public
1149 2630 1217 2666 par
1238 2619 1288 2654 M.
1306 2619 1489 2655 Haureau
1507 2620 1562 2664 (Le
1582 2619 1664 2655 Gor-

263 2680 498 2722 1¹esp0ndanl,
530 2678 674 2713 LXIVc
701 2680 846 2724 annae,
873 2691 910 2725 p.
939 2679 1016 2724 40).
1047 2679 1176 2722 Quant
1205 2679 1226 2713 a
1256 2678 1292 2714 la
1322 2677 1569 2725 suppression
1598 2676 1664 2712 des

262 2736 434 2782 fouages,
457 2737 491 2772 le
513 2736 567 2772 roi
591 2737 625 2771 la
646 2747 842 2784 prononca
869 2749 936 2783 par
957 2748 1031 2773 une
1060 2737 1306 2774 ordonnance
1333 2737 1484 2773 celebre
1513 2738 1663 2781 (Recum‘l
