1923 3358
313 252 378 289 380
583 253 953 286 CHRONOGRAPHIA
980 253 1134 283 REGUM
1160 252 1439 284 FRANCORUM.

311 351 468 382 comes
493 334 612 380 bene
633 331 869 379 ,dubitavit
901 347 951 379 se
978 331 1037 378 de
1064 348 1250 395 guerra,
1281 331 1474 378 recessit
1500 331 1558 379 de
1585 332 1710 379 Pari-

309 411 403 458 sius
429 415 475 456 et
501 409 546 455 in
573 408 856 455 Britanniam
883 408 1078 455 accessit
1097 408 1155 455 ad
1176 407 1238 455 ibi
1267 407 1529 455 faciendum
1555 407 1712 456 confe-

309 487 572 535 derationes
605 492 652 534 et
691 492 826 549 pacta
862 493 908 533 et
946 491 1055 549 post
1086 485 1132 532 in
1170 485 1405 549 Angliam,
1441 491 1487 532 et
1519 484 1714 533 adduxit

308 564 522 628 Anglicos
547 563 593 610 in
619 563 920 610 Britanniam.

371 639 657 688 Bertrandus
678 645 758 688 an
784 640 935 687 socios
955 638 1041 687 sibi
1063 639 1223 687 ascivit
1244 644 1290 686 et
1310 639 1368 686 de
1394 644 1588 704 argento
1614 654 1713 686 ma-

310 717 394 765 tris
423 734 505 765 sue
534 717 728 781 accepit,
765 734 856 780 que
889 716 998 766 inde
1031 733 1138 764 cum
1170 716 1328 763 ancilla
1365 733 1446 763 sua
1472 715 1642 763 rixavit
1667 721 1714 764 et

307 794 468 841 ancilla
501 793 588 840 sibi
615 793 731 840 dixit
757 793 884 856 quod
917 792 1202 840 Bertrandus
1226 793 1472 856 pecuniam
1503 791 1561 839 ad
1589 808 1714 839 cam-

308 870 435 917 bium
460 869 539 917 ubi
566 885 668 916 eam
696 875 911 933 poneret,
943 869 1217 932 duplicaret.
1248 868 1439 916 Interim
1465 867 1591 932 quod
1612 868 1713 931 ipse

306 946 393 994 iter
410 945 634 1009 carpebat
647 962 753 993 cum
772 946 866 993 suis
884 946 1020 993 sociis
1038 945 1335 1009 supradictis,
1358 945 1532 1008 reperit
1550 961 1715 1008 quem-

306 1024 412 1071 dam
449 1023 644 1070 militem
674 1023 917 1087 Anglicum
951 1039 1057 1070 cum
1093 1039 1176 1069 suo
1209 1022 1428 1070 scutifero
1464 1028 1511 1069 et
1542 1022 1714 1070 famulo

305 1101 383 1164 qui
426 1106 522 1147 tres
560 1101 709 1147 bonos
751 1116 897 1163 equos
935 1099 1204 1162 equitabant
1243 1105 1288 1146 et
1331 1099 1508 1162 optime
1549 1099 1714 1146 armati

307 1183 454 1233 erant,
492 1183 537 1224 et
563 1178 764 1225 habebat
790 1194 934 1225 unum
965 1176 1272 1225 summarium
1299 1181 1546 1224 oneratum
1573 1176 1716 1224 rebus

307 1255 457 1302 bonis.
499 1259 604 1317 lpse
643 1261 794 1302 totum
833 1255 1009 1318 accepit
1045 1260 1092 1301 et
1131 1270 1348 1318 magnam
1386 1259 1570 1317 partem
1609 1252 1715 1300 inde

307 1332 486 1395 prefate
513 1331 649 1378 matri
677 1348 757 1379 sue
784 1331 990 1378 reddidit
1015 1337 1060 1378 et
1085 1348 1188 1378 eam
1214 1330 1405 1378 dimisit.

372 1408 443 1456 Ad
466 1408 617 1455 socios
643 1425 830 1472 quoque
857 1425 966 1456 suos
992 1409 1147 1463 rediit,
1177 1408 1256 1472 qui
1283 1424 1373 1455 una
1398 1407 1575 1471 pariter
1594 1407 1715 1455 abie-

307 1492 415 1533 runt
429 1492 533 1532 ante
548 1490 798 1549 Forgeray,
817 1485 1022 1548 quodam
1037 1486 1139 1549 (sic)
1160 1491 1364 1532 castrum
1382 1485 1550 1548 prefati
1570 1486 1714 1532 comi-

309 1562 367 1609 tis
384 1562 684 1609 Montisfortis
704 1562 939 1617 Almarici,
961 1568 1007 1609 et
1030 1562 1154 1609 intus
1171 1562 1463 1609 intraverunt
1481 1567 1532 1609 ut
1550 1561 1717 1610 busce-

309 1654 465 1694 rones,
491 1655 633 1701 super
653 1639 832 1700 scaplas
860 1655 967 1685 suas
993 1638 1051 1686 de
1077 1639 1192 1685 silva
1218 1638 1443 1686 buscham
1469 1638 1567 1686 sive
1593 1638 1717 1703 ligna

310 1721 574 1777 portantes;
603 1715 888 1762 Bertrandus
914 1715 1123 1762 omnium
1151 1716 1331 1778 primus
1357 1716 1481 1762 intus
1507 1715 1712 1771 intravit,

311 1791 568 1854 portarium
591 1792 759 1839 occidit
779 1798 824 1838 et
848 1811 867 1835 «
895 1792 1191 1839 Guesclinum
1217 1811 1236 1835 >³
1264 1792 1540 1839 exclamavit
1559 1799 1603 1839 et
1622 1799 1716 1839 tam

310 1867 492 1914 fortiter
517 1868 742 1932 pugnavit
774 1868 901 1931 quod
929 1869 1169 1915 castellum
1195 1868 1278 1915 fuit
1303 1875 1508 1932 captum,
1540 1870 1717 1916 cunctis

308 1945 523 2008 gentibus
552 1945 825 2007 peremptis,
853 1945 1086 1992 Robertus
1122 1945 1371 1992 Brambort
1397 1946 1476 2008 qui
1508 1945 1717 2009 ejusdem

308 2020 394 2066 loci
421 2025 520 2067 erat
543 2021 829 2083 capitaneus,
858 2021 1003 2068 voluit
1028 2036 1311 2083 recuperare
1336 2021 1604 2077 castellum3
1634 2021 1716 2069 sed

308 2097 592 2144 Bertrandus
628 2097 715 2144 sibi
749 2097 1092 2153 contradicens,
1130 2098 1285 2161 ipsum
1323 2115 1430 2146 cum
1466 2115 1547 2146 sua
1587 2099 1714 2146 totali

309 2173 524 2221 comitiva
552 2174 753 2237 peremit
779 2180 825 2221 et
851 2174 1038 2222 occidit.

373 2252 475 2296 Dux
501 2250 833 2297 Lincestrensis
863 2250 1082 2314 Anglicos
1110 2250 1271 2298 aduxit
1297 2257 1343 2298 et
1368 2257 1475 2298 ante
1501 2252 1717 2300 Redonas

310 2324 600 2372 obsidionem
642 2326 813 2388 posuit.
852 2326 1137 2373 Bertrandus
1174 2326 1219 2373 in
1257 2327 1459 2389 quadam
1497 2327 1628 2384 silva,
1668 2335 1718 2375 ut

311 2402 504 2448 intraret
530 2402 765 2449 civitatem
792 2403 849 2450 ad
885 2403 1160 2451 latitandum
1189 2420 1237 2450 se
1269 2404 1442 2466 posuit.
1478 2407 1581 2452 Dux
1612 2405 1718 2453 Lin-

312 2478 559 2525 cestrensis
595 2479 772 2525 minare
815 2480 919 2526 fecit
957 2479 1196 2536 Redonas3
1237 2480 1522 2528 Bertrandus
1561 2481 1718 2545 ignem

313 2554 438 2601 misit
464 2554 509 2600 in
545 2554 762 2618 logicium
790 2555 920 2602 ducis
953 2562 998 2602 et
1028 2556 1157 2603 ocius
1188 2556 1231 2602 in
1267 2557 1430 2603 silvam
1461 2558 1647 2621 refugiit
1673 2565 1718 2604 et

315 2630 413 2693 iiij0r
435 2631 603 2679 milites
624 2647 780 2678 secum
802 2632 981 2679 aduxit.
1007 2632 1306 2680 Redonenses
1324 2650 1436 2680 vero
1456 2650 1542 2696 per
1559 2634 1717 2696 pelves

317 2714 627 2769 agnoscerunt
658 2708 832 2754 minam
863 2715 907 2755 et
937 2709 1208 2756 occiderunt
1243 2709 1517 2767 minatores,
1557 2715 1715 2772 postea
