1923 3358
102 293 205 340 1337]
377 295 746 328 GHRONOGRAPHIA
773 297 924 329 REGUM
950 298 1229 332 FRANCORUM.
1453 297 1494 333 37

98 376 203 424 bus.
219 377 427 439 Cumque
441 376 678 424 eduxisset
693 377 983 424 domicellam
996 393 1152 425 coram
1163 379 1322 443 regina
1336 380 1496 444 Anglie

96 459 143 500 et
168 453 416 500 comitibus
443 453 799 509 Saresberiensi,
837 453 1130 502 Herbicensi¹
1161 455 1422 518 Suffocique
1453 461 1499 504 et

93 529 306 593 pluribus
324 530 425 576 aliis
446 546 498 576 ac
515 529 744 592 episcopis
761 530 1081 577 Dunelmensi2
1101 537 1146 579 et
1166 532 1493 589 Lincolniensi‚

94 606 300 654 Johanne
340 605 397 652 de
434 605 582 661 For-ti,
627 605 817 652 domino
854 606 911 652 de
949 607 1266 666 Falcomonte,
1309 608 1498 656 domino

94 684 299 732 Waltero
333 682 391 729 de
429 681 708 745 Magniacoss,
744 698 906 730 omnes
946 699 1050 730 cum
1084 685 1302 747 superbia
1333 703 1499 751 magna

93 764 324 807 voverunt
360 757 674 805 diversimode
710 774 878 805 nocere
916 775 1061 823 regno
1099 761 1288 808 Francie
1332 763 1495 825 preda,

92 836 198 900 igne
227 842 274 883 et
306 834 418 882 cede
448 840 495 882 et
527 834 847 883 exhereditare
878 836 1142 900 Philippum
1175 854 1335 902 regem
1361 844 1500 903 atque

93 913 181 960 sibi
207 913 415 960 faventes
439 912 700 959 destruere.

155 1000 278 1043 Inter
296 1012 415 1059 quos
440 995 672 1044 Johannes
695 995 753 1043 de
780 997 985 1044 Hanonia
1011 997 1307 1060 supradictus
1327 1015 1500 1048 vovere

91 1078 276 1121 coactus
311 1078 409 1128 est;
448 1078 494 1119 et
528 1071 784 1136 reginamet
820 1073 995 1130 vovit&
1035 1091 1121 1137 per
1153 1074 1392 1123 licenciam
1431 1076 1500 1123 sui

91 1148 262 1205 mariti,
290 1150 384 1195 Deo
408 1153 455 1195 et
475 1147 548 1194 avi
576 1147 719 1210 quod,
747 1148 782 1195 si
811 1149 1068 1213 contigeret
1095 1167 1231 1197 suum
1258 1150 1498 1198 dominum

92 1231 137 1272 et
168 1225 387 1272 maritum
421 1223 724 1272 transfretare
758 1225 804 1271 in
837 1226 1076 1273 Franciam
1113 1233 1255 1290 prout
1285 1235 1496 1284 voverat,

91 1302 291 1365 ipsamet
334 1307 609 1365 sequeretur
649 1317 756 1348 eum
800 1308 844 1349 et
886 1303 972 1350 sibi
1014 1303 1281 1351 societatem
1324 1310 1501 1353 teneret

92 1394 375 1441 quamquam
401 1378 584 1424 noviter
609 1377 916 1441 concepisset.

156 1464 351 1524 Insuper
364 1460 611 1524 episcopus
625 1461 947 1508 Dunelmensis
964 1462 1092 1509 vovit
1109 1462 1252 1525 quod,
1275 1480 1500 1526 quocum-

90 1556 180 1602 que
203 1554 287 1585 rex
313 1536 530 1584 dominus
557 1553 668 1584 suus
694 1544 931 1601 pergeret,
957 1555 1044 1601 pro
1073 1539 1143 1586 sui
1169 1540 1264 1586 voti
1297 1541 1500 1604 comple-

90 1620 265 1671 mento,
295 1613 557 1661 intenderet
577 1619 623 1660 et
644 1619 819 1660 terram
840 1614 991 1661 Scotie
1020 1615 1218 1661 vicinam
1244 1616 1501 1663 custodiret

90 1699 137 1739 et
155 1697 316 1739 contra
342 1707 501 1754 regem
530 1690 678 1738 Scotie
699 1707 801 1737 eam
822 1690 1126 1747 deffenderet‚
1152 1691 1215 1739 ita
1240 1698 1291 1739 ut
1318 1692 1355 1739 si
1377 1709 1496 1756 opus

92 1774 231 1825 esset,
260 1769 458 1832 ipsemet
483 1773 643 1815 contra
670 1784 777 1815 eum
802 1768 977 1815 bellum
1003 1769 1298 1816 commiteret
1329 1786 1413 1816 nec
1439 1770 1497 1816 de

92 1846 213 1893 bello
239 1845 438 1910 fugeret,
468 1844 549 1892 sed
583 1844 739 1907 potius
769 1860 875 1892 cum
909 1845 1002 1891 suis
1035 1845 1300 1893 hominibus
1326 1846 1500 1893 ibidem

92 1928 371 1978 moreretur,
414 1928 491 1969 aut
528 1938 689 1986 regem
727 1921 877 1969 Scotie
916 1921 1148 1969 occideret
1181 1928 1259 1969 aut
1292 1923 1499 1970 vinctum

91 1998 342 2047 Londoniis
373 1998 626 2046 adduceret
656 2015 709 2045 ac
739 1998 785 2044 in
816 1998 992 2061 palacio
1022 1998 1164 2062 regali
1195 1998 1346 2045 eidem
1378 2000 1494 2063 regi,

93 2076 283 2123 domino
300 2092 402 2131 suo,
419 2075 641 2122 traderet.
660 2074 793 2133 Quod
813 2081 859 2122 et
878 2075 940 2122 ita
962 2075 1092 2130 fecit3
1113 2091 1221 2121 nam
1237 2092 1322 2122 rex
1337 2077 1498 2140 Anglie

93 2152 289 2201 detinuit
326 2168 433 2200 eum
469 2157 632 2215 postea
667 2152 829 2199 decem
867 2152 997 2199 annis
1032 2151 1078 2197 in
1118 2167 1321 2209 carcere,
1357 2159 1499 2215 prout

93 2230 212 2278 infra
238 2229 429 2293 patebit.

159 2311 334 2360 Deinde
358 2328 472 2358 vero
496 2312 720 2360 instancia
746 2311 1057 2376 prenominati
1084 2311 1294 2371 Roberti,
1319 2313 1498 2377 episco-

144 2472 176 2506 1.
199 2469 253 2505 Le
274 2474 398 2505 comte
418 2468 463 2505 de
485 2469 627 2517 Derhy.

141 2528 176 2564 2.
199 2527 386 2564 Durham.

143 2587 176 2624 3.
199 2587 305 2624 Cette
325 2587 594 2623 enumeration
615 2592 673 2624 est
692 2588 778 2634 plus
801 2587 990 2635 complete
1011 2598 1084 2636 que
1106 2589 1200 2626 celle
1221 2589 1270 2625 du
1290 2590 1425 2637 poeme
1445 2589 1493 2626 du

95 2646 196 2683 Voeu
217 2646 266 2682 du
287 2646 432 2682 He'ron.

145 2705 179 2740 4.
201 2704 301 2741 C’est
323 2715 371 2740 au
392 2715 479 2741 voeu
500 2703 546 2740 de
566 2704 603 2740 la
623 2704 729 2740 reme
744 2714 816 2752 que
833 2705 988 2742 s’arrete
1003 2706 1037 2742 le
1052 2705 1154 2742 Voeu
1169 2706 1217 2742 du
1232 2707 1362 2743 Heron
1380 2706 1490 2751 (Bibl.

97 2768 194 2810 nat„
216 2764 338 2812 franc.
361 2763 465 2810 9222,
489 2763 551 2799 fol.
577 2763 642 2800 102
662 2765 729 2808 v0).
800 2806 807 2811 ,
