1923 3358
336 316 402 351 4:38
612 316 981 348 cHRoNOGRArmA
1009 315 1161 347 REGUM
1186 303 1463 349 FRANCOIZ'UM.
1626 312 1731 360 [1340

329 398 396 444 eis
416 412 472 442 ne
490 394 752 441 occiderent
772 409 878 440 eum
899 393 1048 440 donec
1067 392 1269 440 Parisius
1289 393 1482 441 rediret.
1503 394 1576 442 Sic
1596 412 1727 460 ergo,

331 489 385 518 eo
411 470 571 518 Insulis
603 468 804 515 adducto
837 468 894 516 ab
928 468 1258 526 Insulensibus,
1291 469 1548 533 gaudenter
1571 487 1732 536 recep-

330 554 404 594 tus
430 553 500 593 est
525 550 572 592 et
596 551 699 592 arto
724 545 897 593 carceri
926 546 1232 610 mancipatus.

393 632 605 675 Preterea
628 644 734 675 cum
759 645 842 675 rex
865 628 1044 692 Anglie,
1069 633 1120 675 ut
1139 628 1312 676 dictum
1334 633 1420 686 est,
1439 629 1604 676 urbem
1622 633 1733 677 Tor-

328 721 574 752 nacensem
600 705 757 752 multis
782 705 1032 752 assultibus
1057 705 1298 753 infestaret
1322 711 1369 753 et
1395 706 1603 755 similiter
1621 710 1733 755 Tor-

327 798 548 828 nacenses
587 781 674 829 sibi
711 781 894 828 fortiter
928 788 1267 846 repugnarent,
1304 800 1388 830 rex
1423 783 1613 831 Francic
1647 799 1733 847 per

326 859 518 906 nuncios
538 858 827 922 conquisitus
846 864 915 906 est
936 861 1127 907 Summo
1143 860 1354 907 Pontifici
1368 860 1619 908 Benedicto
1633 860 1733 908 XII⁰

326 934 383 982 de
411 934 729 983 inobediencia
755 935 1147 999 Flamingorum1,
1178 936 1375 999 qualiter
1401 936 1486 984 sibi
1514 953 1731 1001 guerram

325 1009 552 1058 faciebant
577 1016 623 1057 et
651 1010 870 1057 comitem
899 1026 1034 1057 suum
1067 1010 1313 1073 proprium
1344 1011 1644 1074 expulserant
1673 1011 1731 1059 de
1790 1067 1804 1082 o

325 1088 472 1150 patria
499 1105 597 1135 sua.
627 1091 683 1135 Et
707 1094 817 1134 tunc
844 1087 1081 1134 fulminata
1114 1093 1183 1135 est
1216 1089 1450 1136 sentencia
1484 1105 1626 1153 super
1651 1106 1730 1137 eos

324 1182 348 1211 a
384 1168 527 1229 Papa,
567 1166 652 1213 nisi
689 1182 851 1212 rursus
888 1165 1131 1212 obedirent
1171 1165 1361 1213 domino
1400 1183 1513 1224 suo3
1553 1183 1644 1231 que
1685 1168 1730 1215 in

325 1242 567 1291 obsidione
591 1243 782 1290 Tornaci
809 1243 942 1290 allata
967 1249 1054 1291 est.

388 1325 594 1388 Denique
633 1325 867 1372 comitissa
902 1326 1131 1383 Hanonie,
1167 1331 1317 1374 mater
1349 1326 1531 1374 comitis
1566 1343 1731 1390 supra-

323 1401 449 1459 dicti,
474 1401 631 1449 audito
655 1402 780 1465 quod
808 1419 890 1449 rex
912 1403 1100 1450 Francie
1121 1403 1217 1450 sine
1240 1420 1370 1451 mora
1391 1410 1583 1467 pontem
1603 1410 1731 1451 tran-

322 1478 494 1525 siturus
521 1483 643 1525 esset
664 1478 721 1525 ad
743 1478 1070 1527 debellandum
1092 1480 1324 1544 Anglicos,
1348 1481 1476 1527 venit
1497 1480 1554 1527 ad
1577 1481 1730 1544 ipsum

322 1571 498 1618 regem,
529 1555 719 1602 fratrem
746 1572 900 1612 suum,
925 1556 1050 1619 apud
1076 1556 1299 1605 Bouvines
1321 1563 1367 1605 et
1393 1557 1509 1605 dixit
1535 1558 1576 1605 ei
1602 1558 1728 1621 quod

321 1629 459 1692 aliqui
479 1629 537 1676 de
558 1630 848 1694 principibus
868 1632 962 1678 suis
982 1632 1136 1694 ipsum
1156 1632 1396 1680 traderent
1415 1633 1515 1698 regi
1532 1634 1694 1699 Anglie
1715 1652 1722 1680 :

320 1710 430 1752 tunc
468 1706 665 1754 multum
702 1707 846 1754 iratus
878 1713 970 1765 est,
1001 1725 1145 1771 quare
1176 1709 1322 1756 noluit
1355 1727 1435 1757 eos
1466 1710 1724 1757 nominare.

319 1781 650 1830 Nichilominus
669 1783 832 1830 eadem
854 1783 1041 1831 domina
1068 1785 1153 1832 sibi
1180 1786 1526 1833 lacrimabiliter
1552 1786 1729 1850 suppli-

320 1858 457 1915 cavit,
484 1865 533 1906 ut
557 1858 805 1906 criminosa
831 1859 947 1906 facta
975 1860 1144 1923 quibus
1171 1861 1291 1909 filius
1312 1879 1423 1910 suus
1445 1862 1483 1910 ei
1507 1869 1728 1911 nocuerat

319 1938 364 1979 et
384 1949 553 1981 nocere
576 1934 825 1992 nitebatur,
850 1934 1111 2000 benigniter
1133 1937 1395 2002 indulgeret
1416 1945 1460 1986 et
1481 1939 1607 2002 quod
1635 1956 1727 1987 non

318 2010 536 2057 transiret
561 2010 823 2073 predictum
851 2018 1041 2075 pontem
1068 2013 1125 2061 de
1151 2014 1374 2062 Bouvines
1401 2015 1549 2063 donec
1575 2016 1726 2063 locuta

318 2086 455 2132 fuerit
480 2087 581 2150 regi
607 2087 767 2151 Anglie
794 2093 841 2134 et
867 2089 925 2136 ad
952 2106 1059 2136 eum
1086 2090 1431 2155 regrederetur.

382 2167 461 2214 Cui
488 2184 571 2215 rex
598 2169 838 2232 respondit
865 2171 991 2234 quod
1017 2171 1054 2218 si
1080 2177 1259 2219 teneret
1285 2173 1428 2221 filium
1458 2174 1574 2239 ejus,
1605 2176 1725 2222 face-

318 2248 389 2289 ret
422 2243 507 2289 sibi
541 2253 679 2308 caput
711 2247 959 2309 amputari.
991 2252 1092 2311 Ipsa
1120 2266 1232 2295 vero
1265 2266 1371 2296 cum
1405 2267 1574 2315 magna
1605 2251 1724 2298 diffi-

318 2320 484 2366 cultate
516 2321 730 2378 obtinuit,
768 2324 999 2371 mediante
1028 2326 1198 2373 comite
1227 2326 1550 2383 Alectionensi‚
1583 2328 1722 2374 fratre

318 2412 418 2450 suo,
449 2396 574 2459 quod
599 2414 682 2444 rex
705 2400 921 2460 promisit
942 2418 1034 2447 non
1055 2418 1244 2449 movere
1267 2409 1416 2450 castra
1437 2420 1518 2451 sua
1539 2403 1722 2451 duobus

318 2471 498 2528 diebus,
529 2472 826 2535 aliquomodo
853 2477 1109 2524 formidans
1136 2478 1452 2526 traditionem.

383 2553 557 2601 Deinde
577 2556 808 2604 comitissa
829 2559 987 2607 abiens
1008 2560 1065 2608 ad
1086 2577 1245 2625 regem
1272 2562 1451 2627 Anglie,
1475 2562 1554 2626 qui
1580 2562 1720 2610 filiam

372 2724 402 2759 l.
427 2725 479 2760 La
508 2725 714 2771 chronique
743 2731 942 2763 nor-mande
971 2732 1016 2776 (p.
1046 2732 1102 2777 48)
1130 2731 1255 2767 ‹lonne
1283 2731 1315 2766 le
1344 2732 1470 2767 meme
1497 2730 1718 2775 renseigne-

321 2787 438 2815 ment.
