1923 3358
370 250 436 286 300
629 250 1000 283 CHRONOGRAPHIA
1028 248 1180 280 REGUM
1206 248 1483 280 FRANCORUM.
1510 245 1611 291 [1364
1628 252 1665 281 et.
1684 244 1768 281 1361

366 339 411 378 et
437 346 519 377 rex
552 328 739 378 Francie
771 343 857 390 per
892 326 1123 374 Kalesium
1161 325 1465 373 transmeavit
1490 326 1535 372 in
1561 327 1770 390 Angliam

366 407 422 454 ad
456 404 787 468 complendum
822 420 929 451 suas
963 402 1295 450 conventiones
1329 418 1417 466 pro
1452 402 1523 450 sui
1553 402 1773 466 redemp-

365 483 506 530 tione.

426 569 551 613 Tunc
586 570 802 627 arreptus
836 569 907 611 est
944 563 1074 628 gravi
1112 561 1383 610 infirmitate
1419 562 1478 610 de
1518 579 1608 625 qua
1647 578 1774 610 mor-

361 648 469 690 tuus
503 647 574 689 est
608 640 654 687 in
690 657 849 688 mense
885 640 1020 703 aprili
1053 639 1129 687 die
1155 639 1254 703 viija
1281 643 1389 702 post
1424 638 1614 695 Pascha,
1651 654 1773 685 anno

360 718 543 766 Domini
574 717 625 764 M⁰
657 724 763 766 000ο
796 717 943 765 LX1111⁰
969 724 1013 764 et
1051 715 1181 780 regni
1217 715 1286 762 sui
1313 715 1461 763 tercio
1497 714 1697 772 decimo,
1727 720 1774 762 et

361 797 549 843 allatum
575 800 645 843 est
668 811 840 857 corpus
867 794 967 858 ejus
988 810 1094 841 cum
1122 793 1302 856 magnis
1328 808 1519 839 suorum
1547 792 1772 840 lamenta-

360 872 563 919 tionibus
589 877 634 919 et
656 871 898 935 potissime
919 870 998 917 filii
1023 870 1093 917 sui
1119 869 1360 925 Johannis,
1392 869 1523 917 ducis
1544 869 1774 917 Biturien-

361 949 441 1006 sis,
462 947 541 1011 qui
559 949 784 994 feretrum
803 948 1060 994 lamentans
1076 946 1426 1008 insequebatur,
1448 945 1562 992 acin
1579 945 1774 993 ecclesia

361 1025 514 1073 Sancti
545 1024 737 1072 Dionisii
769 1024 815 1070 in
846 1023 1038 1071 Francia
1069 1039 1177 1070 cum
1211 1022 1310 1070 aliis
1341 1022 1532 1086 regibus
1562 1022 1773 1071 inhuma-

360 1102 506 1149 tum1.

425 1187 570 1231 Porro
606 1182 960 1246 prenominatus
997 1197 1079 1228 rex
1119 1180 1243 1244 Cipri
1281 1186 1476 1244 propter
1509 1179 1773 1244 captionem

361 1260 573 1316 Satalie2‚
609 1259 843 1306 maritime
876 1258 1075 1305 civitatis
1109 1258 1328 1321 Turquie,
1365 1274 1506 1321 quam
1538 1257 1584 1304 vi
1617 1273 1773 1304 armo-

358 1352 464 1383 rum
491 1351 634 1398 super
661 1339 873 1397 Turquos
895 1334 1075 1382 dudum
1102 1334 1465 1396 conquisiverat,
1497 1333 1670 1381 scilicet
1698 1333 1772 1381 die

359 1412 514 1460 Sancti
529 1411 842 1460 Bartholomei
861 1411 1111 1475 appostoli,
1133 1428 1254 1458 anno
1275 1411 1456 1458 Domini
1477 1410 1529 1458 M⁰
1549 1410 1653 1459 ccc⁰
1672 1416 1767 1466 Lx0,

359 1490 536 1554 majore
557 1489 747 1537 audacia
768 1489 932 1545 fretus,
954 1488 1202 1552 proposuit
1220 1488 1378 1536 venire
1395 1487 1454 1535 ad
1471 1504 1623 1552 reges,
1643 1489 1772 1551 prin-

360 1567 487 1630 cipes
507 1573 550 1614 et
574 1566 779 1629 prelatos
800 1565 1156 1614 Christianitatis
1181 1571 1228 1612 et
1253 1565 1445 1612 incitare
1465 1565 1589 1612 viam
1608 1565 1771 1614 Jhero-

361 1643 689 1699 solimitanam,
720 1649 859 1706 prout
892 1643 1003 1689 olim
1036 1642 1209 1689 fecerat
1232 1644 1400 1689 Petrus
1431 1641 1684 1698 Heremita,
1721 1648 1770 1689 ut

360 1719 557 1766 habetur
588 1719 633 1765 in
672 1718 820 1766 Gestis
857 1718 1139 1765 Francorum
1177 1717 1464 1765 leerusalem
1505 1733 1770 1781 eoepaqnan-

360 1799 493 1851 cium,
519 1802 561 1843 et
583 1802 744 1859 petere
762 1796 820 1842 ab
841 1795 908 1842 eis
930 1795 1152 1842 auxilium
1175 1811 1261 1858 pro
1280 1795 1601 1857 conquirendo
1623 1812 1769 1860 regno

358 1871 763 1920 Jherosolimitano
789 1887 931 1934 super
951 1871 1110 1917 hostes
1138 1870 1384 1917 Christiani
1411 1870 1614 1917 nominis
1641 1871 1768 1933 quod

359 1965 416 1995 cx
438 1954 570 2012 parte
598 1948 822 1996 Guidonis
844 1947 901 1994 de
922 1947 1152 2011 Lizigneio
1175 1952 1221 1993 et
1244 1947 1406 1994 uxoris
1428 1947 1544 2011 ejus,
1569 1947 1770 1995 condam

357 2025 644 2075 Jherusalem
667 2041 850 2089 regum,
880 2023 1051 2087 quibus
1077 2023 1187 2071 olim
1212 2023 1461 2082 Rikardus‚
1486 2041 1570 2072 rex
1596 2024 1768 2090 Anglo-

407 2182 440 2218 1.
462 2181 514 2217 Le
537 2181 591 2218 roi
611 2182 711 2218 Jean
733 2186 888 2218 mourut
915 2181 937 2217 a
959 2180 1132 2217 Londres
1151 2181 1248 2217 dans
1275 2181 1311 2217 la
1332 2181 1416 2217 nuit
1437 2181 1487 2218 du
1516 2181 1537 2218 8
1559 2192 1608 2218 au
1629 2182 1649 2218 9
1671 2183 1768 2219 avril

359 2240 462 2277 1364.
488 2241 558 2276 Ses
588 2241 775 2289 obseques
805 2241 934 2277 furent
962 2241 1156 2277 celebrees
1183 2241 1204 2276 ἐι
1231 2241 1493 2278 Notre-Dame
1520 2241 1566 2278 de
1593 2242 1704 2278 Paris
1731 2243 1766 2279 le

359 2300 378 2334 5
396 2298 473 2333 mai
495 2299 662 2335 suivant.
688 2299 766 2335 Son
783 2304 994 2336 testament
1009 2305 1046 2335 et
1062 2299 1306 2335 l’inventaire
1321 2298 1365 2335 de
1381 2310 1441 2335 ses
1460 2299 1607 2347 joyaux
1623 2306 1690 2336 ont
1706 2301 1766 2337 ete

357 2357 506 2403 puhlies
526 2368 594 2403 par
616 2358 664 2393 M.
683 2359 729 2394 G.
748 2359 879 2405 Bapst.
899 2359 1028 2403 Quant
1045 2359 1066 2394 a
1082 2358 1116 2393 la
1131 2358 1297 2405 depense
1312 2358 1360 2394 du
1377 2358 1585 2394 luminaire
1607 2359 1767 2406 prepare

357 2427 453 2462 pour
474 2416 529 2452 les
550 2416 736 2463 oliseques
757 2417 806 2453 du
828 2417 898 2464 roi,
920 2417 992 2453 elle
1007 2428 1029 2453 a
1045 2418 1104 2453 ete
1127 2418 1336 2453 conservae
1355 2416 1468 2464 (Bibl.
1488 2423 1584 2463 nat„
1600 2417 1624 2454 f.
1642 2417 1762 2466 franc.

358 2474 488 2521 26006,
510 2475 617 2522 picce
638 2475 709 2518 ⁶21).

405 2534 439 2569 2.
463 2534 518 2569 La
540 2533 630 2569 fuito
659 2534 707 2569 ‹lu
736 2535 808 2571 duc
835 2533 1002 2582 d'Anjou
1030 2540 1067 2571 ct
1095 2535 1150 2571 les
1177 2535 1264 2571 faits
1293 2534 1437 2571 relatifs
1464 2535 1486 2571 ἐι
1513 2535 1699 2571 l'histoire
1719 2535 1764 2571 de

360 2592 508 2639 Cllypre
529 2602 576 2628 ne
600 2598 686 2628 sont
707 2604 773 2638 pas
796 2593 891 2629 dans
914 2595 949 2629 la
972 2595 1180 2639 Chronique.
1201 2596 1418 2630 normande.
1442 2594 1566 2630 Toute
1588 2595 1623 2629 la
1643 2594 1763 2641 partie

360 2652 424 2698 qui
453 2662 644 2688 concerno
673 2651 803 2686 Pierrc
832 2652 876 2687 de
904 2653 1103 2700 Lusignan
1131 2659 1188 2689 est
1216 2653 1592 2701 remarquablcment
1614 2659 1762 2696 exacte,

362 2721 511 2745 comme
533 2721 581 2746 on
604 2721 651 2746 va
672 2709 753 2746 s'en
775 2712 1019 2748 conv-itincre.
1045 2712 1100 2748 La
1121 2712 1221 2759 prise
1242 2711 1285 2748 de
1303 2712 1474 2749 Satalieh
1495 2711 1598 2747 avait
1618 2722 1664 2747 eu
1687 2710 1761 2746 lieu

364 2768 519 2804 suivant
539 2768 706 2805 d‘autres
728 2769 761 2804 le
785 2769 837 2804 ‘le‘
855 2769 979 2816 juillet
1000 2770 1103 2806 1361.
