1923 3358
221 263 324 309 1380]
496 267 867 299 CHRONOGRAPHIA
893 267 1045 299 REGUM
1071 267 1350 300 FRANCORUM.
1556 266 1621 302 397

282 349 339 393 Et
362 362 417 393 eo
442 351 553 393 tunc
577 345 779 409 quedam
804 346 925 394 bone
950 345 1056 393 ville
1082 345 1141 393 de
1166 345 1374 393 Picardia
1393 353 1617 410 ceperunt

217 438 535 480 murmurare,
576 422 684 485 quia
721 423 1009 487 cogebantur
1046 423 1228 470 solvere
1270 440 1432 471 omnes
1471 423 1619 472 dictas

216 499 378 547 taillias
416 505 462 547 et
503 499 687 556 auxilia,
729 506 925 564 excepto
964 500 1166 564 fouagio‚
1210 501 1337 563 quod
1378 501 1622 567 solvebant

215 583 428 640 tempore
460 576 633 633 Karoli,
664 576 789 640 regis
812 576 962 624 ultimi
990 576 1211 633 defuncti,
1249 577 1457 626 dicentes
1489 577 1618 641 quod

215 671 274 702 ex
307 654 395 702 hiis
427 653 595 700 amodo
627 653 763 700 nichil
800 654 1061 709 solverent3
1098 659 1144 701 et
1176 655 1436 717 specialiter
1470 654 1532 702 illi
1562 655 1621 702 de

213 732 379 777 Sancto
406 729 623 787 Quintino
650 729 899 777 noluerunt
926 746 978 776 ea
1005 730 1205 777 solvere.
1230 734 1344 778 Nam
1371 731 1445 779 die
1467 730 1619 778 Sancti

212 805 425 853 Dionisii1
465 822 557 868 qua
595 805 801 853 nundine
838 812 971 853 erant
1010 806 1056 852 in
1095 806 1226 865 villa,
1265 807 1344 870 qui
1380 807 1617 855 commissi

212 887 345 929 erant
370 880 428 928 ad
448 881 760 946 colligendum
786 881 907 929 dicta
927 881 1111 939 auxilia,
1134 898 1241 929 cum
1260 883 1430 930 iterum
1449 900 1502 931 ea
1521 884 1619 931 col-

211 958 353 1022 ligere
386 959 663 1015 niterentur,
706 958 917 1006 homines
958 958 1169 1023 ejusdem
1208 959 1315 1006 ville
1357 966 1403 1007 et
1438 960 1517 1023 qui
1556 960 1615 1007 ad

211 1034 440 1083 nundinas
466 1035 564 1083 sive
594 1035 652 1083 ad
681 1036 835 1084 forum
861 1042 1102 1093 venerant,
1137 1053 1219 1084 eos
1248 1037 1619 1086 verberaverunt

211 1116 258 1158 et
276 1111 582 1174 expulserunt
601 1112 726 1175 (sic).
756 1116 952 1174 Insuper
968 1118 1328 1175 prostraverunt
1353 1114 1548 1161 domum
1574 1114 1619 1161 in

209 1204 300 1249 qua
326 1187 449 1235 dicta
478 1188 645 1235 auxilia
670 1188 1033 1251 recipiebantur,
1068 1189 1131 1236 ita
1156 1194 1207 1236 ut
1241 1189 1287 1236 in
1320 1190 1488 1237 eodem
1515 1190 1619 1238 foro

209 1263 342 1311 liberi
368 1271 681 1333 remanerent,
707 1266 885 1329 absque
907 1265 1228 1329 predictorum
1255 1266 1502 1314 solutione.

275 1348 465 1395 Interim
491 1365 623 1405 vero,
651 1348 724 1396 die
750 1349 966 1396 videlicet
991 1349 1154 1396 martis
1175 1349 1376 1397 secunda
1396 1350 1470 1397 die
1490 1355 1619 1398 octo-

209 1424 307 1473 bris
321 1425 530 1490 ejusdem
548 1426 671 1483 anni,
695 1425 903 1489 prefatus
920 1442 1106 1490 regens,
1130 1426 1226 1473 dux
1246 1426 1612 1491 Andegavensis,

209 1503 439 1550 concessit
453 1503 672 1566 delphino
686 1508 855 1550 etatem
872 1503 1028 1550 suam²
1042 1519 1095 1550 ac
1109 1504 1342 1551 consensit
1354 1509 1404 1551 ut
1421 1520 1616 1551 corona-

207 1584 338 1627 retur
357 1585 403 1627 et
420 1585 774 1628 consecraretur
793 1579 839 1626 in
865 1596 1025 1644 regem
1051 1586 1096 1628 et
1116 1580 1242 1643 quod
1264 1580 1432 1628 exinde
1457 1581 1613 1628 omnia

207 1656 374 1704 fierent
399 1674 484 1720 per
510 1657 664 1720 ipsum
685 1663 732 1704 et
751 1657 937 1704 nomine
963 1657 1078 1720 ejus,
1107 1657 1172 1705 sic
1192 1663 1346 1705 tamen
1367 1657 1493 1721 quod
1513 1658 1614 1722 ipse

206 1739 449 1798 regeretur
466 1734 512 1781 in
527 1740 647 1782 etate
657 1733 847 1798 juvenili
865 1751 891 1781 a
904 1733 1100 1781 ducibus
1114 1734 1400 1799 Andegavie,
1418 1734 1608 1792 Biturie,

206 1811 471 1876 Burgundie
497 1817 543 1859 et
573 1811 812 1868 Borbonii‚
853 1811 1093 1858 avunculis
1121 1810 1216 1858 suis
1253 1816 1298 1858 et
1331 1810 1611 1874 quibusdam

207 1970 340 2006 Pierre
360 1970 608 2018 d'Orgemont
628 1975 666 2006 et
688 1970 720 2006 le
742 1970 936 2019 remplaca
956 1980 1023 2017 par
1038 1969 1148 2006 Miles
1169 1970 1214 2006 de
1234 1970 1443 2019 Dormans,
1465 1972 1609 2020 eveque

206 2029 252 2064 de
274 2029 479 2065 Beauvais.

255 2088 288 2123 1.
311 2088 331 2123 9
352 2088 521 2123 octobre.
544 2087 576 2123 ll
596 2098 620 2134 y
641 2098 662 2122 a
685 2097 763 2123 une
789 2087 964 2123 mention
986 2086 1033 2123 de
1054 2092 1152 2123 cette
1174 2087 1339 2133 emente,
1362 2098 1452 2124 sans
1473 2088 1610 2124 details

205 2146 418 2192 d'ailleurs,
452 2146 549 2182 dans
583 2157 658 2182 une
692 2147 803 2182 lettre
836 2146 881 2182 de
915 2145 1119 2182 remissior]
1152 2145 1196 2181 de
1230 2147 1307 2182 mai
1340 2147 1426 2183 1381
1465 2147 1610 2193 (Donet

205 2203 362 2252 d'Arcq,
385 2205 498 2241 Clzoz'oe
520 2207 560 2240 de
582 2207 696 2251 piceas
719 2206 871 2240 ineditas
899 2207 1068 2240 relatives
1096 2215 1147 2239 au
1178 2206 1284 2249 reque
1311 2205 1352 2240 de
1380 2205 1528 2241 Charles
1555 2205 1608 2250 VJ,

206 2270 233 2299 t.
257 2264 289 2309 I,
310 2275 346 2310 p.
369 2264 441 2312 20).

254 2324 285 2359 2,
309 2323 369 2358 En
390 2323 493 2369 effet,
516 2323 550 2359 le
570 2323 592 2359 2
612 2322 767 2359 octobre
789 2322 893 2368 4380,
916 2333 962 2358 au
985 2322 1221 2369 Parlement,
1243 2322 1360 2358 Louis
1387 2322 1460 2360 duc
1486 2323 1606 2359 d'An-

201 2382 267 2429 jou
295 2382 490 2418 consentit
519 2382 540 2418 ὲ
570 2393 612 2418 ce
639 2393 712 2428 que
740 2382 773 2417 le
798 2381 914 2428 jeune
941 2381 994 2416 roi
1016 2381 1071 2417 fut
1093 2382 1201 2417 sacre
1221 2381 1317 2417 dans
1338 2393 1391 2417 un
1411 2382 1509 2418 delai
1530 2383 1608 2418 tres

206 2441 416 2487 rapproche
446 2447 483 2478 et
511 2452 605 2488 que,
634 2446 733 2476 cette
764 2440 983 2476 ceremonie
1014 2440 1125 2487 faite,
1156 2454 1170 2472 «
1199 2440 1290 2476 ledit
1321 2452 1505 2488 royaume
1536 2441 1608 2476 soit

207 2514 222 2533 «
245 2502 440 2547 gouverne
464 2513 513 2537 en
535 2512 604 2537 son
625 2511 731 2547 nom,
753 2511 820 2547 par
842 2500 875 2535 le
897 2500 1043 2536 conseil
1064 2506 1100 2536 et
1122 2499 1228 2536 advis
1249 2500 1294 2536 de
1317 2500 1454 2536 sesdits
1476 2500 1606 2537 oncles

207 2574 222 2592 «
246 2560 546 2608 messeigneurs,
561 2571 610 2597 en
624 2566 708 2597 tant
723 2571 795 2607 que
812 2560 963 2596 chacun
984 2560 1146 2603 touche;
1170 2565 1207 2596 et
1227 2571 1323 2606 pour
1344 2570 1386 2596 ce
1408 2565 1445 2595 et
1466 2560 1487 2595 a
1509 2565 1607 2597 cette

207 2631 222 2651 «
245 2618 298 2654 fin
319 2618 410 2654 ledit
430 2619 705 2666 monseigneur
726 2619 760 2655 le
782 2623 916 2665 regent
936 2618 984 2653 l'a
1005 2617 1113 2665 aagie'
1137 2631 1152 2652 2>
1176 2618 1243 2663 (Le
1264 2618 1500 2664 Laboureur,
1524 2619 1606 2654 Hz‘s-

205 2681 294 2715 taire
314 2680 355 2714 cle
375 2679 521 2715 Charles
542 2679 593 2721 VI,
618 2684 643 2714 t.
668 2678 700 2725 Ι,
721 2689 757 2724 p.
781 2677 823 2714 35
845 2682 882 2713 et
904 2677 946 2713 36
968 2677 1012 2713 de
1035 2677 1352 2724 l'introduction).
