1923 3358
110 286 215 332 1339]
388 288 758 321 CHRONOGRAPHIA
784 287 936 319 REGUM
961 285 1239 318 FRANCORUM.
1466 281 1509 316 73

108 369 262 432 ipsum
289 365 558 413 mandatum
584 380 720 412 suum
746 363 896 411 facere
922 379 1070 425 usque
1090 362 1148 409 ad
1170 362 1339 409 festum
1359 362 1512 409 Sancti

106 442 348 507 Remigii1.
373 445 498 489 Tunc
524 441 715 504 quidem
742 444 840 487 tota
865 439 1014 503 patria
1039 437 1341 487 Cameracesii
1367 437 1512 500 depo-

142 521 266 568 ulata
289 524 376 567 est.

107 537 138 584 p
171 597 360 645 Interim
380 611 493 643 vero
513 593 757 642 Fauvellus
777 592 834 638 de
854 590 1212 647 Walaincurte2‚
1237 606 1512 656 guerrarum

105 673 436 728 thesaurarius,
468 670 547 734 qui
580 669 638 716 de
670 667 913 715 obsidione
947 666 1083 730 hujus
1114 668 1298 731 penitus
1329 669 1514 732 ignora-

106 752 202 807 bat,
232 749 447 797 veniebat
476 750 775 796 Cameracum
802 750 846 792 et
873 743 1164 791 conducebat
1196 761 1338 807 super
1368 761 1514 808 equos

107 843 298 892 magnas
324 840 529 872 summas
558 821 858 871 denariorum
885 820 942 867 ad
971 820 1246 868 solvendum
1273 821 1397 885 regis
1423 822 1515 868 sol-

106 904 271 959 dariis3
289 908 458 949 etcum
476 899 842 963 apropinquaret
860 899 1178 954 Cameracum,
1196 903 1388 961 repente
1404 898 1515 944 inci-

106 980 174 1027 dit
197 980 243 1026 in
271 995 435 1026 manus
461 977 758 1041 Anglicorum
793 977 870 1039 qui
909 980 1135 1038 ceperunt
1162 991 1268 1021 eum
1296 980 1341 1021 et
1364 979 1514 1020 totum

105 1062 350 1121 argentum
394 1071 500 1102 cum
545 1054 762 1101 omnibus
807 1053 883 1116 qui
925 1068 1083 1099 secum
1120 1056 1274 1108 erant,
1317 1055 1514 1112 excepto

106 1133 205 1181 solo
246 1132 413 1180 clerico
450 1132 571 1195 ejus,
614 1131 692 1194 qui
735 1147 820 1194 per
860 1130 1058 1177 celerem
1098 1128 1255 1193 fugam
1294 1127 1514 1191 Anglicos

106 1208 325 1266 evadens,
350 1225 441 1255 non
469 1208 666 1255 cessavit
693 1207 840 1254 donec
866 1206 992 1253 venit
1015 1204 1218 1252 Parisius
1241 1210 1286 1251 et
1309 1203 1515 1250 narravit

106 1286 205 1351 regi
230 1291 450 1333 eventum
476 1301 612 1332 suum
637 1290 683 1331 et
709 1283 907 1347 qualiter
933 1282 1155 1346 magister
1190 1297 1301 1329 suus
1331 1281 1516 1328 thesau-

106 1362 256 1409 rarius
293 1367 414 1409 esset
452 1367 615 1424 captus
652 1366 697 1407 et
735 1376 898 1407 omnes
935 1359 1008 1405 alii
1043 1358 1274 1406 societatis
1309 1358 1430 1421 ejus,
1471 1363 1516 1404 et

107 1439 281 1487 denarii
312 1438 484 1501 perditi
517 1443 564 1484 et
596 1437 723 1500 quod
754 1453 838 1483 rex
863 1435 1023 1500 Anglie
1058 1451 1164 1482 cum
1197 1434 1404 1482 exercitu
1431 1450 1515 1482 suo

111 1517 461 1564 Cammeracum
488 1513 749 1560 obsidebat.

171 1592 256 1641 Vix
295 1591 370 1638 ille
410 1591 724 1637 narrationem
760 1589 944 1636 finierat
979 1594 1025 1635 et
1060 1605 1166 1636 ecce
1203 1588 1422 1636 Sohierus
1457 1588 1515 1635 de

107 1668 373 1726 Gandavoss,
398 1668 546 1725 miles,
569 1666 840 1731 supervenit
861 1666 1030 1714 missus
1048 1665 1105 1712 ad
1126 1681 1286 1729 regem
1303 1681 1360 1712 ex
1382 1669 1514 1727 parte

155 1794 187 1828 1.
210 1792 460 1829 C'est-a-dire
480 1792 516 1828 le
539 1793 591 1827 1ΕΓ
613 1791 779 1828 octobre.

153 1852 187 1888 2.
212 1851 303 1888 Mon
324 1851 498 1888 confrere
520 1856 557 1886 et
577 1850 654 1886 ami
670 1850 721 1886 M.
738 1849 858 1886 Viard
875 1854 965 1886 veut
985 1849 1074 1885 bien
1094 1859 1156 1885 me
1178 1848 1271 1884 faire
1293 1859 1517 1895 remarquer

106 1911 198 1959 qu’il
220 1911 298 1947 faut
321 1911 492 1958 corriger
514 1921 558 1947 ce
580 1921 672 1946 nom
699 1909 799 1945 ainsi
821 1922 828 1944 z
855 1923 870 1942 «
894 1908 1101 1945 Fauvellus
1122 1908 1167 1944 de
1193 1907 1472 1953 Wadencuria,
1496 1921 1512 1940 »

106 1970 244 2007 maitre
264 1969 330 2006 des
351 1974 521 2016 comptes
549 1980 597 2005 en
620 1969 722 2005 1338.
750 1968 817 2011 (Cf.
842 1970 1008 2004 Eoetraz'ts
1027 1969 1068 2003 de
1083 1971 1279 2012 journauoe
1299 1968 1350 2001 du
1374 1968 1514 2011 Tre'sor,

106 2039 147 2065 n·
169 2029 228 2075 32,
253 2030 497 2074 Bibliotheque
522 2030 564 2063 de
591 2019 719 2063 l’Ecoce
745 2028 803 2063 des
830 2028 981 2070 chartas,
1012 2032 1039 2062 t.
1068 2025 1216 2071 XLIX,
1244 2024 1367 2060 annee
1395 2025 1513 2070 1888.)

105 2087 255 2124 Jamais
271 2098 314 2124 ce
329 2097 571 2134 personnage
587 2086 649 2122 n’a
664 2087 723 2122 ete
738 2085 921 2122 tresorier
941 2085 1007 2121 des
1028 2095 1203 2131 guerres3
1227 2083 1340 2130 mais,
1356 2095 1405 2119 en
1419 2094 1515 2130 qua-

107 2146 173 2182 lite
193 2147 238 2182 dc
259 2146 398 2182 maitre
418 2146 485 2183 des
506 2152 691 2192 comptes,
711 2145 737 2180 il
758 2150 816 2181 est
836 2146 914 2181 tres
936 2144 1088 2179 naturel
1109 2143 1199 2190 qu’il
1219 2142 1271 2178 ait
1292 2143 1352 2178 ete
1374 2142 1515 2189 charge

107 2206 152 2242 de
167 2206 369 2242 surveiller
383 2217 436 2242 un
450 2211 646 2252 transport
660 2205 834 2252 d’argent
849 2204 998 2240 destine
1011 2215 1059 2239 au
1070 2202 1253 2238 tre'sorier
1263 2201 1328 2238 des
1341 2212 1513 2249 guerres.

107 2266 159 2301 M.
183 2265 218 2301 le
239 2265 388 2301 colonel
408 2265 572 2301 Borrelli
593 2264 638 2300 de
660 2264 793 2300 Serres
817 2275 839 2299 a
859 2275 906 2299 eu
927 2263 971 2298 de
995 2273 1065 2298 son
1088 2262 1172 2298 cote
1195 2261 1448 2309 l'obligeance
1469 2260 1515 2296 de

107 2335 169 2360 me
184 2323 479 2370 communiquer
494 2324 549 2359 les
564 2334 675 2359 noms
690 2323 756 2359 des
771 2322 973 2358 tresoriers
988 2321 1053 2356 des
1066 2331 1222 2368 guerres
1236 2320 1301 2368 qui
1316 2319 1515 2366 operaient

107 2382 130 2417 a
144 2387 245 2419 cette
257 2383 401 2429 epoque
413 2393 461 2418 en
473 2381 639 2419 Flandre
655 2394 662 2416 :
678 2381 806 2418 c'etait
820 2380 973 2416 cl'abord
989 2379 1239 2426 Barthelemy
1251 2378 1301 2415 du
1317 2379 1435 2425 Drac,
1450 2377 1515 2425 qui

109 2441 234 2478 aurait
255 2441 446 2487 remplace
466 2441 566 2477 Jean
588 2441 622 2477 le
643 2440 739 2477 Mire
761 2451 809 2476 en
826 2439 915 2476 1338
932 2438 1043 2481 (Bibl.
1063 2444 1159 2483 nat„
1176 2438 1262 2474 coll.
1280 2436 1514 2481 Fontanieu,

108 2501 182 2536 vol.
212 2500 293 2544 864,
321 2500 384 2535 fol.
415 2500 508 2545 143),
530 2500 620 2535 bien
649 2510 722 2547 que
752 2510 795 2535 ce
823 2498 977 2534 dernier
1004 2498 1159 2545 exercat
1186 2507 1327 2533 encore
1348 2508 1396 2533 en
1423 2496 1513 2532 1340

110 2558 220 2602 (Bibl.
242 2563 338 2603 nat„
359 2557 486 2593 Titres
510 2557 645 2593 scelies
666 2556 711 2592 de
735 2555 1028 2601 Clairambault‚
1043 2556 1118 2592 vol.
1139 2556 1219 2601 111,
1236 2555 1300 2591 fol.
1316 2554 1441 2599 8681);
1464 2564 1513 2589 en

109 2617 251 2654 second
272 2617 362 2663 lieu,
385 2627 434 2652 on
456 2616 582 2652 releve
609 2615 643 2651 ie
672 2626 763 2651 nom
790 2614 834 2651 de
855 2615 954 2650 Jean
981 2614 1030 2650 du
1057 2614 1213 2661 Change
1234 2625 1282 2650 ou
1304 2613 1353 2648 du
1382 2612 1512 2658 Gange

108 2675 321 2720 (Johannes
336 2674 380 2710 de
402 2674 573 2715 Cambio)
593 2685 642 2709 en
659 2673 749 2710 1340
764 2678 801 2709 et
815 2674 1008 2720 peut-etro,
1023 2672 1089 2709 des
1109 2672 1196 2709 1339
1209 2671 1389 2719 jusqu'en
1405 2670 1509 2706 1342.

156 2732 189 2768 3.
213 2732 265 2769 Ge
287 2744 377 2769 nom
392 2744 414 2768 a
427 2732 511 2779 deja
531 2733 591 2768 ete
609 2732 683 2769 cite
698 2731 720 2767 a
736 2731 941 2769 l’occasion
962 2731 1007 2768 de
1029 2731 1289 2768 l'arrestation
1309 2729 1353 2766 de
1375 2729 1513 2765 Sohier

110 2792 155 2828 de
176 2792 366 2828 Courtrai.
390 2791 437 2827 V.
461 2802 588 2837 supra,
611 2802 647 2838 p.
671 2791 727 2827 43.
