1923 3358
192 328 297 375 1340]
462 331 830 364 CHRONOGRAPHIA
863 333 1015 365 REGUM
1041 333 1318 366 FRANCORUM.
1530 332 1594 368 159

188 426 319 456 suam
345 416 585 473 nupserat,
610 411 766 458 multis
792 411 947 457 verbis
976 411 1208 474 persuasit
1242 412 1281 458 ei
1314 428 1595 475 componere

187 493 375 551 treugas
400 487 521 534 inter
543 487 696 550 ipsum
725 494 769 534 et
796 504 956 551 regem
981 488 1188 545 Francie,
1216 488 1302 535 sub
1330 505 1414 551 spe
1441 488 1594 536 future

184 563 328 626 pacis.
368 565 514 620 Quam
551 581 636 611 rex
674 563 961 627 intelligens,
999 564 1183 611 vocavit
1222 564 1280 611 ad
1314 582 1363 612 se
1395 565 1595 612 barones

185 656 316 696 suos,
360 639 527 687 ducem
562 639 837 695 Brabancie,
877 639 1095 685 comitem
1134 640 1339 686 Hanonie
1376 647 1422 688 et
1460 642 1596 689 Guel-

185 715 302 773 drie,
325 715 549 764 Jacobum
570 714 628 761 de
648 714 929 771 Artheveila,
955 715 1246 777 marquisum
1266 720 1289 764 J
1294 716 1590 771 uliocensem,

182 794 440 842 Robertum
477 792 535 839 de
571 791 786 839 Arthesio
824 798 870 838 et
907 791 1066 854 plures
1107 792 1221 838 alios
1261 799 1307 840 et
1350 794 1594 856 proposuit

183 886 341 917 coram
375 870 442 917 eis
472 874 740 932 requestam
773 868 1034 924 comitisse;
1068 868 1114 915 in
1149 885 1243 931 quo
1277 870 1466 917 consilio
1498 871 1594 934 pri-

182 962 285 994 mus
312 947 492 993 locutus
517 952 588 993 est
613 945 709 993 dux
732 945 1001 999 Brabancie,
1026 950 1075 993 ut
1100 945 1264 1001 fertur,
1286 947 1429 993 muita
1447 948 1592 995 verba

182 1022 240 1070 ad
270 1040 433 1087 pacem
457 1022 717 1070 tendencia.

243 1101 418 1148 Deinde
444 1101 676 1149 Robertus
703 1100 762 1148 de
788 1100 1021 1156 Arthesio,
1046 1105 1097 1147 ut
1123 1100 1289 1157 fertur,
1314 1100 1497 1149 locutus
1524 1108 1594 1150 est

179 1176 336 1225 dicens
363 1177 402 1224 ei
434 1195 443 1224 ε
479 1197 498 1222 «
532 1178 577 1225 Si
604 1195 695 1242 pax
725 1182 1105 1242 componeretur,
1135 1176 1333 1224 libenter
1361 1178 1593 1225 consenti-

183 1272 203 1297 «
234 1253 365 1301 retis.
401 1253 633 1301 Audacter
663 1254 767 1301 dico
799 1253 924 1316 quod
959 1253 996 1300 si
1029 1252 1108 1300 diu
1142 1258 1318 1300 stemus
1350 1254 1440 1309 hic,
1475 1254 1592 1301 hanc

185 1349 204 1373 α
236 1330 469 1377 civitatem
501 1331 795 1386 habebimus,
832 1330 1052 1393 quoniam
1088 1330 1353 1378 moriuntur
1388 1331 1529 1378 fame.
1567 1350 1586 1374 »

178 1407 383 1454 Audiens
408 1413 562 1454 autem
590 1407 686 1455 dux
713 1407 839 1470 quod
866 1407 1008 1454 verba
1030 1407 1128 1471 ejus
1148 1407 1195 1453 in
1216 1407 1285 1454 sui
1307 1407 1589 1455 derisionem

177 1489 412 1540 sonarent,
449 1484 567 1531 dixit
600 1485 641 1531 ei
681 1502 689 1530 :
735 1504 754 1528 ε(
794 1484 906 1531 Male
942 1484 1155 1546 poteritis
1191 1483 1434 1546 pacificare
1469 1485 1588 1532 hanc

181 1579 201 1604 c<
233 1576 451 1625 guerram
475 1576 689 1623 asperam
714 1576 854 1623 quam
875 1559 1129 1622 incepistis,
1156 1560 1412 1608 secundum
1434 1577 1587 1607 meam

181 1655 201 1680 a
232 1636 527 1699 opinionem3
562 1641 814 1699 antequam
849 1638 1010 1699 pejora
1046 1636 1283 1690 eveniant,
1320 1636 1484 1683 melius
1517 1642 1588 1683 est

180 1732 200 1757 (ι
232 1718 433 1761 tractare
465 1713 523 1761 de
553 1730 683 1776 pace.
720 1712 952 1776 Quidquid
986 1712 1109 1759 enim
1141 1713 1244 1770 fiat,
1282 1712 1449 1760 abhinc
1482 1728 1586 1760 cum

180 1809 200 1834 «
233 1790 498 1838 hominibus
523 1790 640 1837 meis
665 1790 899 1838 recedam.
934 1809 954 1834 »

239 1866 438 1915 Jacobus
475 1873 629 1915 autem
668 1867 726 1915 de
765 1866 1049 1923 Arthevella,
1093 1871 1144 1914 ut
1181 1865 1370 1928 quidam
1410 1866 1580 1923 ferunt,

174 1944 396 2005 pretactis
430 1945 529 2008 regi
565 1944 726 2008 Anglie
765 1949 810 1990 et
848 1943 1102 1991 baronibus
1141 1943 1373 1990 exercitus
1413 1942 1529 1989 dixit
1570 1960 1578 1988 :

178 2039 197 2063 c<
230 2021 412 2068 Domini
444 2021 552 2078 mei,
589 2026 781 2084 pensate
816 2021 1001 2084 qualem
1040 2036 1201 2083 pacem
1233 2018 1373 2066 vultis
1411 2018 1579 2075 facere,

178 2117 197 2140 «
229 2098 448 2160 quoniam
483 2098 569 2145 nisi
604 2114 689 2145 nos
724 2098 768 2144 in
803 2098 904 2162 ipsa
942 2096 1307 2159 complectamur
1342 2101 1385 2141 et
1421 2111 1583 2141 omnes

178 2192 197 2216 c<
230 2178 386 2220 nostre
418 2173 592 2220 offense
624 2174 937 2228 remittantur,
978 2189 1071 2219 non
1105 2171 1380 2218 recedemus
1415 2170 1581 2217 abhinc

177 2268 195 2291 (ς
230 2266 314 2296 nec
339 2249 642 2312 quittabimus
664 2250 979 2314 juramentum
1006 2247 1132 2311 quod
1152 2247 1343 2310 jurastis
1370 2247 1520 2294 nobis.
1557 2266 1576 2290 »

237 2329 293 2373 Et
319 2332 427 2373 tunc
453 2326 685 2374 comitissa
712 2327 934 2380 Hanonie,
964 2331 1016 2372 ut
1042 2325 1206 2381 fertur,
1231 2323 1346 2370 dixit
1372 2341 1382 2370 :
1411 2343 1431 2368 «
1458 2327 1579 2371 Deus

178 2421 197 2445 «
228 2408 407 2449 avertat
432 2403 558 2466 quod
581 2420 666 2467 pro
687 2403 811 2451 dicto
833 2403 966 2451 unius
985 2401 1160 2458 rustici,
1184 2407 1340 2448 tantus
1361 2401 1578 2449 Christia-

175 2497 194 2521 «
229 2495 396 2525 norum
423 2495 560 2526 cruor
588 2479 866 2526 effundatur.
902 2497 922 2522 ))
951 2477 1123 2524 Deinde
1157 2483 1264 2540 post
1295 2477 1482 2541 longam
1511 2477 1581 2524 rei

171 2554 515 2612 deductionem,
540 2555 739 2602 Jacobus
760 2554 817 2601 de
838 2553 1100 2601 Arthevella
1120 2553 1185 2600 eis
1208 2553 1393 2616 prebuit
1422 2570 1580 2600 assen-

170 2648 291 2679 sum.
321 2635 446 2679 Tunc
472 2631 797 2678 concluserunt
830 2629 1064 2694 principes
1097 2630 1222 2693 quod
1255 2630 1430 2677 bonum
1459 2636 1580 2677 esset

171 2709 342 2756 habere
369 2708 596 2756 inducias.

235 2788 333 2844 Quo
374 2786 516 2842 facto,
556 2785 677 2831 dicta
715 2783 902 2831 domina
945 2789 1250 2846 procurante,
1292 2783 1575 2847 assignatum
