1923 3358
138 260 242 307 1341]
411 264 782 299 CHRONOGRAPHIA
807 267 960 300 REGUM
985 266 1264 299 FRANGORUM.
1472 262 1538 298 183

197 343 279 391 Die
301 360 489 407 quoque
515 346 675 408 quinta
701 346 896 403 decima,
921 363 1028 395 cum
1055 347 1205 394 dictus
1230 361 1387 394 comes
1411 348 1540 393 Mon-

132 420 327 468 tisfortis
356 438 450 469 non
475 429 770 487 compareret
794 423 840 470 in
874 424 1182 479 Parlamento,
1211 423 1409 470 Karolus
1439 423 1540 470 Ble-

133 498 280 545 sensis
299 498 422 562 cepit
440 516 547 547 eum
568 516 786 547 accusare
805 500 929 563 apud
949 516 1109 563 regem
1130 500 1209 562 qui
1225 499 1413 547 tenebat
1430 501 1540 546 Par-

131 573 403 632 lamentum,
425 575 722 638 presentibus
740 575 931 638 paribus
948 576 1155 632 Francie,
1175 576 1334 623 dicens
1350 575 1393 623 ei
1413 575 1540 638 quod

130 667 289 699 comes
309 651 611 698 Montisfortis
637 651 875 698 modicum
899 658 1084 699 curaret
1104 652 1164 699 de
1187 652 1308 715 ipso,
1329 653 1410 715 qui
1430 669 1540 699 con-

131 733 202 775 tra
238 733 513 791 preceptum
548 727 647 790 ejus
685 744 902 792 egressus
941 728 1091 776 fuerat
1127 729 1185 776 de
1219 729 1420 777 Parisius
1457 746 1542 777 nec

130 803 410 868 dignebatur
426 803 484 850 ab
499 820 555 850 eo
567 803 643 867 Jus
664 804 851 867 aliquod
871 804 1081 867 recipere
1099 822 1108 851 ε
1132 824 1152 849 <‹
1175 808 1307 861 Nam,
1331 825 1351 850 »
1371 806 1537 868 inquit,

135 900 155 925 (ι
186 880 311 927 idem
334 880 548 935 Karolus‚
575 886 624 928 ut
643 881 841 929 relatum
869 887 940 929 est
965 882 1123 939 michi,
1147 881 1248 944 ipse
1271 882 1388 929 dixit
1413 883 1540 946 quod

133 977 153 1002 ε(
184 957 243 1004 de
262 956 397 1004 vobis
418 957 555 1004 nichil
574 964 702 1005 tenet
721 964 768 1005 et
788 958 915 1022 quod
932 958 979 1005 in
999 959 1234 1006 Britannia
1253 959 1390 1006 nichil
1412 960 1541 1023 peni-

132 1054 152 1079 «
184 1040 259 1082 tus
294 1034 565 1097 possidebo.
605 1054 625 1078 1>
663 1034 759 1082 Hiis
793 1035 917 1082 enim
954 1041 1000 1083 et
1034 1036 1247 1099 pluribus
1281 1035 1380 1083 aliis
1414 1036 1540 1083 idem

128 1109 325 1158 Karolus
351 1111 585 1158 accusavit
608 1111 828 1158 comitem
855 1112 1202 1160 Montisfortis1.

191 1186 367 1234 Deinde
392 1203 475 1234 rex
497 1204 585 1250 pro
604 1205 718 1235 vero
739 1205 997 1253 agnoscens
1022 1189 1148 1252 quod
1169 1205 1326 1236 comes
1350 1189 1540 1236 Montis-

127 1264 262 1310 fortis
287 1265 575 1322 recessisset,
605 1282 691 1313 nec
716 1266 816 1329 ipse
848 1283 927 1313 seu
955 1265 1120 1328 aliquis
1147 1282 1234 1329 pro
1265 1282 1321 1313 eo
1350 1282 1540 1330 compa-

127 1347 269 1398 reret,
297 1358 389 1388 non
411 1343 625 1389 obstante
645 1343 743 1407 ejus
760 1343 992 1399 absencia,
1007 1343 1144 1406 jussit
1164 1343 1297 1391 reddi
1313 1343 1540 1407 judicium

127 1418 174 1464 in
205 1417 373 1465 eodem
405 1419 697 1466 Parlamento
729 1436 815 1482 per
842 1436 980 1483 pares
1005 1419 1194 1466 Francie
1229 1438 1237 1466 :
1269 1420 1540 1467 conclusum

127 1500 198 1542 est
216 1495 358 1558 igitur
376 1500 422 1542 et
443 1495 699 1558 judicatum
721 1496 847 1558 quod
874 1497 932 1544 de
952 1497 1057 1561 jure
1083 1496 1279 1544 ducatus
1303 1496 1538 1544 Britannie

126 1571 391 1634 pertinebat
415 1572 552 1619 uxori
579 1573 735 1620 Karoli
764 1573 1010 1630 Blesensis‚
1038 1579 1146 1636 post
1173 1579 1374 1620 mortem
1394 1590 1540 1621 avun-

125 1648 214 1696 culi
241 1649 328 1705 sui,
355 1648 571 1696 videlicet
595 1649 836 1706 Johannis,
867 1649 998 1697 ducis
1026 1667 1176 1713 nuper
1203 1650 1454 1698 defuncti2.

189 1728 288 1773 Rex
314 1725 487 1788 itaque,
520 1732 738 1789 suscepto
768 1727 986 1791 homagio
1015 1727 1074 1774 ab
1101 1727 1267 1774 eodem
1297 1727 1468 1774 Karolo
1494 1732 1540 1774 et

124 1803 224 1867 ejus
248 1819 413 1858 uxore,
443 1804 605 1850 annuit
632 1803 673 1850 ei
697 1820 896 1866 querere
922 1804 1143 1851 auxilium
1163 1803 1222 1851 ad
1248 1820 1540 1867 conqueren-

125 1879 233 1927 dam
264 1880 572 1927 hereditatem
604 1897 686 1928 sue
720 1881 898 1928 uxoris.
933 1881 1017 1939 Qui
1050 1897 1157 1929 cum
1194 1881 1422 1928 avunculo
1454 1897 1538 1928 suo

126 1956 296 2004 comite
316 1957 672 2013 Alectionensi3,
696 1958 840 2004 fratre
861 1958 986 2022 regis
1011 1964 1057 2004 et
1083 1957 1252 2004 comite
1278 1957 1534 2014 Haricurie‚

126 2033 259 2097 quasi
281 2049 389 2081 cum
414 2033 515 2097 iiij01'
535 2033 722 2082 milibus
741 2034 856 2082 viris
875 2034 988 2081 abiit
1006 2040 1113 2081 ante
1133 2034 1366 2081 civitatem
1385 2034 1538 2082 Redo-

175 2170 206 2204 1.
230 2168 262 2203 11
283 2178 331 2203 ne
359 2168 503 2204 semble
532 2179 600 2215 pas
624 2169 739 2216 qu'on
771 2174 978 2206 rencontre
1009 2169 1165 2205 ailleurs
1194 2168 1369 2205 mention
1398 2169 1443 2205 de
1472 2180 1535 2206 ces

125 2237 263 2274 propos
292 2231 425 2262 contre
451 2227 647 2273 Montfort,
675 2228 803 2274 pretes
834 2228 856 2263 a
887 2227 1046 2263 Charles
1080 2226 1125 2262 de
1154 2226 1260 2263 Blois
1289 2232 1326 2263 et
1354 2227 1419 2275 qui
1448 2233 1534 2264 sont

128 2285 323 2321 d’ailleurs
344 2286 424 2321 tres
444 2285 775 2322 vraisemblables.

172 2345 207 2381 2.
230 2344 380 2380 L'arret
401 2344 456 2380 fut
477 2344 598 2381 rendu
614 2345 636 2380 ἐι
650 2345 847 2391 Conssans,
867 2345 901 2381 le
918 2346 937 2380 7
954 2344 1170 2391 septembre
1187 2345 1272 2382 1341
1295 2345 1356 2392 (cf.
1372 2346 1534 2383 Grandes

128 2404 369 2448 chroniques,
398 2407 427 2438 t.
456 2402 506 2448 V,
526 2414 563 2449 p.
595 2403 691 2447 413).
722 2404 774 2439 Le
802 2408 908 2439 texte
936 2402 982 2438 de
1013 2402 1142 2438 l’arret
1167 2414 1189 2438 a
1218 2403 1278 2439 ete'
1306 2403 1434 2449 publie
1466 2415 1535 2451 par

128 2461 177 2498 D.
199 2460 359 2506 Morice,
376 2461 565 2496 Me'moires
581 2472 679 2506 pour
698 2463 816 2497 servir
835 2463 877 2496 dc
893 2471 1046 2505 preuves
1060 2461 1082 2495 ἁ
1098 2460 1274 2497 Z'hz'stoire
1289 2463 1329 2497 de
1344 2464 1532 2508 Bretaqne,

126 2524 153 2556 t.
177 2519 210 2566 Ι,
233 2519 303 2555 col.
330 2518 434 2554 1421.
457 2517 507 2554 Ce
529 2519 629 2555 n'est
649 2530 721 2566 que
742 2520 777 2555 le
799 2519 843 2555 10
859 2519 1013 2566 janvier
1029 2518 1118 2555 1345
1133 2524 1188 2562 (n.
1206 2524 1271 2561 st.)
1287 2531 1360 2567 que
1382 2520 1416 2556 le
1437 2521 1533 2557 Par-

126 2579 272 2615 lement
293 2577 454 2625 adjugea
474 2577 512 2613 la
533 2578 698 2615 vicomte
718 2578 764 2614 de
785 2578 966 2625 Limoges
988 2578 1010 2613 ἐι
1030 2577 1190 2614 Charles
1212 2578 1256 2615 de
1278 2579 1386 2615 Blois
1409 2580 1529 2625 (Ibid.,

127 2638 198 2674 col.
223 2637 339 2683 1442).

175 2696 208 2732 3.
232 2696 287 2732 La
309 2698 517 2742 Chrom'que
544 2698 747 2732 normande
769 2697 816 2743 (p.
842 2696 897 2742 50)
920 2695 1046 2733 donne
1075 2701 1321 2733 exactement
1342 2697 1377 2733 la
1405 2697 1532 2735 meme

130 2764 296 2790 version.
