1923 3358
143 284 247 331 1334]
419 288 791 322 CHRONOGRAPHIA
817 291 970 324 REGUM
994 290 1273 323 FRANCORUM.
1501 291 1545 327 ‘23

139 369 346 425 Francie,
376 370 590 417 avunculi
615 370 685 418 sui
710 371 971 428 decessum,
1002 371 1211 436 ejusdem
1245 373 1377 436 regni
1413 373 1547 421 here-

139 443 259 491 ditas
284 443 371 491 sibi
394 444 498 507 jure
523 445 884 508 propinquitatis
904 446 1175 502 obvenerat,
1200 453 1245 494 et
1264 463 1356 494 non
1377 465 1546 511 preno-

137 519 312 567 minato
337 518 567 584 Philippo,
597 521 879 568 consobrino
906 521 1072 584 prefati
1099 522 1252 570 Karoli
1279 523 1404 587 regis
1439 539 1546 587 pre-

137 595 266 654 dicti,
289 597 421 661 regni
442 597 646 643 invasori
666 614 719 644 ac
745 597 1063 644 tortionariter
1082 598 1128 645 in
1150 599 1219 646 sui
1239 599 1543 664 prejudicium

137 672 387 721 detentori.
411 672 531 720 Misit
550 689 663 737 ergo
689 673 1092 737 archiepiscopum
1112 676 1540 735 cantuariensem1,

138 748 378 796 dominum
389 748 653 813 Philippum
664 749 722 796 de
735 752 1025 798 Monteacuto
1038 756 1084 797 et
1097 750 1338 798 dominum
1350 753 1546 800 Gauffri-

137 825 250 873 dum
275 828 439 889 Scorp.
463 826 548 883 Qui
568 826 808 873 venientes
827 826 1046 885 Parisius,
1070 827 1347 876 invenerunt
1367 830 1545 877 curiam

136 903 334 950 multum
361 908 648 950 extraneam.
678 903 885 951 Tandem
911 920 1025 951 vero
1051 921 1208 952 comes
1227 906 1362 970 Augi,
1383 923 1546 954 cones-

135 980 412 1037 tabularius,
457 981 679 1045 magister
721 984 885 1028 Petrus
928 982 1122 1046 Rogeri,
1169 983 1545 1047 archiepiscopus

135 1056 522 1121 Rothomagensis
554 1064 600 1104 et
632 1058 929 1106 marescallus
961 1058 1019 1105 de
1049 1058 1176 1117 Tria,
1205 1059 1406 1107 ordinati
1438 1067 1545 1108 sunt

135 1133 194 1181 ad
220 1134 517 1182 tractandum
543 1151 650 1182 cum
676 1135 807 1198 ipsis.

199 1210 369 1258 Taliter
393 1227 470 1258 res
496 1210 698 1259 deducta
723 1219 794 1259 est
819 1211 946 1274 quod
965 1212 1024 1259 ab
1050 1217 1247 1275 utraque
1273 1218 1406 1275 parte
1431 1230 1544 1276 pace

133 1288 357 1345 federata,
375 1294 606 1336 venerunt
621 1294 727 1336 ante
746 1305 906 1352 regem
923 1294 968 1336 et
984 1294 1095 1337 tunc
1112 1288 1234 1336 inter
1250 1289 1368 1337 duos
1384 1306 1539 1354 reges,

131 1363 323 1411 Francie
343 1363 559 1411 videlicet
579 1370 626 1411 et
645 1364 824 1428 Anglie,
854 1364 1018 1411 eadem
1040 1382 1132 1428 pax
1158 1366 1430 1413 confirmata
1453 1373 1539 1414 est.

132 1440 307 1488 Deinde
327 1440 542 1488 exierunt
560 1441 738 1504 Anglici
756 1441 815 1488 de
828 1457 1062 1488 cammera
1078 1441 1181 1505 (sic)
1202 1442 1325 1506 regis
1346 1443 1544 1490 multum

128 1516 319 1581 jocundi
345 1523 391 1564 et
415 1533 496 1564 eos
522 1517 845 1565 conducebant
872 1534 1034 1565 omnes
1057 1518 1305 1565 consiliarii
1324 1519 1474 1583 regis,
1497 1525 1545 1567 et

133 1594 418 1642 clamabatur
444 1611 536 1657 pax
562 1610 649 1657 per
673 1600 819 1641 totam
844 1594 1096 1641 civitatem.
1121 1594 1211 1642 Sed
1234 1611 1327 1642 non
1346 1597 1544 1644 multum

132 1676 262 1734 post,
299 1669 423 1717 aliud
451 1676 663 1717 secutum
695 1676 766 1717 est
796 1687 805 1717 ε
837 1670 1059 1733 quoniam
1091 1670 1302 1718 nundum
1333 1678 1466 1718 erant
1498 1672 1543 1718 in

131 1747 374 1811 hospiciis,
410 1747 598 1810 quando
630 1764 715 1794 rex
750 1747 1042 1795 remandavit
1077 1764 1157 1794 eos
1189 1753 1236 1794 et
1266 1747 1384 1794 dixit
1416 1749 1542 1810 quod

131 1825 333 1872 intencio
365 1841 447 1872 sua
478 1830 601 1872 esset
631 1824 759 1888 quod
791 1824 956 1881 David,
986 1841 1071 1871 rex
1102 1824 1272 1882 Scotie,
1302 1831 1348 1871 et
1380 1841 1543 1872 omnes

131 1901 252 1949 Scoti
285 1900 709 1963 complecterentur
740 1901 787 1947 in
819 1917 931 1964 pace
964 1900 1099 1948 facta.
1131 1901 1208 1948 Cui
1236 1901 1414 1965 Anglici
1445 1918 1543 1949 res-

130 1977 398 2041 ponderunt
423 1977 549 2040 quod
577 1977 700 2024 nulla
726 1977 901 2025 mentio
928 1977 1047 2042 facta
1074 1977 1223 2025 fuerat
1249 1977 1308 2024 de
1331 1978 1478 2025 Scotis
1498 1985 1545 2026 et

132 2052 259 2116 quod
290 2052 368 2099 tali
401 2053 542 2099 modo
574 2069 669 2100 non
701 2053 928 2101 auderent
960 2069 1124 2116 pacem
1154 2053 1466 2109 concordare;
1497 2060 1544 2101 et

131 2129 344 2176 videntes
375 2129 502 2192 quod
534 2146 626 2176 non
659 2129 867 2177 valerent
898 2129 1030 2177 aliter
1060 2145 1332 2192 procurare,
1363 2130 1542 2178 reversi

132 2211 240 2254 sunt
269 2206 316 2252 in
345 2206 555 2270 Angliam
591 2212 637 2253 et
671 2212 979 2253 narraverunt
1008 2206 1108 2270 regi
1138 2211 1184 2253 et
1218 2206 1317 2270 ejus
1350 2206 1542 2253 consilio

131 2288 283 2330 totum
304 2282 495 2330 modum
516 2283 582 2330 rei
600 2288 747 2347 geste.
774 2285 872 2340 Quo
890 2282 1065 2339 audito,
1090 2299 1175 2329 rex
1195 2282 1357 2347 Anglie
1370 2283 1543 2347 juravit

133 2359 260 2423 quod
287 2375 525 2422 nunquam
550 2366 769 2417 cessaret,
794 2359 945 2407 donec
965 2359 1163 2407 Scotiam
1185 2359 1272 2407 sibi
1289 2360 1537 2408 subiceret.

181 2529 215 2565 1.
239 2528 293 2564 Le
315 2527 358 2564 30
379 2539 482 2564 mars
504 2529 609 2574 1334,
631 2519 812 2566 Edouard
826 2529 885 2565 ΙΠ
902 2529 1061 2577 designa
1073 2530 1173 2566 Jean
1190 2529 1393 2576 Stratford,
1410 2530 1541 2566 arche-

134 2586 257 2633 veque
279 2586 324 2621 de
346 2585 602 2634 Canterbury,
624 2587 846 2623 Guillaume
876 2586 921 2623 de
950 2587 1148 2635 Montagu,
1173 2588 1395 2624 Guillaume
1421 2587 1541 2634 Clyn-

133 2650 217 2691 ton,
239 2644 407 2681 Geoffroi
435 2645 555 2692 Scrop
576 2651 613 2681 et
641 2646 741 2681 Jean
764 2646 808 2682 de
833 2645 1079 2692 Shoreditch,
1101 2658 1196 2694 pour
1217 2658 1277 2683 ses
1298 2646 1540 2693 plenipoten-

135 2704 268 2740 tiaires
285 2705 422 2751 aupres
438 2704 486 2740 du
506 2705 561 2741 roi
576 2704 620 2740 de
637 2704 1391 2753 France(R3-mer,‹3d.de11821,t.11,20
1406 2704 1541 2751 partic,
