1923 3358
418 284 483 319 130
686 283 1055 316 CHRONOGRAPHIA
1082 282 1232 314 REGUM
1259 282 1536 315 FRANCORUM.
1708 278 1813 326 [1340

411 366 537 422 telis,
579 380 636 410 ne
681 360 1079 425 perciperentuffl.
1126 364 1175 408 In
1221 346 1522 424 subsequenti
1561 377 1675 408 vcro
1718 362 1814 409 acie

411 447 542 487 erant
576 440 636 485 illi
669 438 727 485 de
759 441 964 495 Franco;
999 443 1046 485 et
1076 437 1121 484 in
1157 437 1245 484 alio
1281 438 1447 494 latere,
1481 453 1648 485 versus
1681 455 1814 486 mon—

411 524 503 562 tem
526 516 655 578 juxta
683 516 903 561 Sanctum
929 513 1220 571 Bertinum2,
1245 520 1379 561 erant
1403 513 1465 560 illi
1486 513 1544 560 de
1560 516 1738 577 Yppra,
1763 531 1815 561 ac

408 594 527 639 inter
547 591 694 638 dictas
714 591 830 639 duas
852 591 972 638 acies
998 596 1129 638 erant
1156 590 1218 638 illi
1245 590 1304 638 de
1323 590 1505 648 Furnis,
1529 590 1587 638 de
1613 590 1815 655 Berghes

407 675 453 716 et
490 684 651 716 earum
690 668 981 716 castellaniis.
1021 668 1091 716 Ad
1134 667 1440 716 custodienda
1471 683 1586 715 vero
1616 667 1816 715 tentoria

406 751 726 792 remanserant
757 745 818 792 illi
851 745 910 792 de
940 744 1280 809 Pauperingha,
1309 744 1367 792 de
1400 743 1676 792 castellaniis
1707 745 1815 792 Cas-

407 822 503 869 selli
528 827 573 869 et
598 821 818 870 Bailleoli.

470 903 580 946 Erat
617 899 739 946 enim
777 898 983 962 quodam
1020 898 1122 962 (sie)
1164 898 1389 946 fossatum
1427 915 1485 945 ex
1522 904 1810 955 transverso,

406 977 579 1024 durans
601 977 660 1023 ab
687 975 783 1023 acie
804 975 1138 1039 Yppriencium
1164 976 1243 1038 qui
1264 992 1408 1038 supra
1428 982 1640 1023 montem
1660 980 1810 1031 erant,

406 1070 554 1116 usque
580 1053 637 1100 ad
664 1053 810 1100 aciem
834 1052 1024 1099 Roberti
1052 1051 1110 1099 de
1137 1051 1366 1099 Arthesio.
1399 1053 1514 1100 Cum
1542 1052 1666 1099 enim
1695 1051 1815 1099 mili-

406 1131 474 1177 cia
500 1147 591 1193 que
616 1136 717 1177 erat
742 1129 789 1175 in
816 1131 983 1177 Sancto
1014 1128 1281 1176 Audomaro
1306 1128 1425 1175 vidit
1455 1129 1719 1194 Flamingos
1751 1129 1815 1176 sic

406 1208 644 1255 ordinatos
673 1208 718 1253 in
744 1207 858 1254 buto
885 1205 1179 1261 suburbium,
1209 1222 1375 1253 omnes
1398 1205 1613 1253 exierunt
1637 1206 1813 1252 haben-

406 1291 475 1332 tes
499 1284 682 1339 vexilla,
705 1300 789 1347 per
814 1289 1010 1340 turmas,
1033 1282 1130 1329 sine
1150 1282 1458 1338 ordinatione,
1481 1281 1672 1330 seclusis
1697 1280 1815 1329 duce

406 1360 672 1424 Burgundio
698 1366 743 1406 et
770 1359 939 1407 comite
965 1359 1241 1417 Armaniaci,
1272 1360 1495 1422 quoniam
1519 1376 1604 1407 rex
1629 1375 1816 1407 reman-

406 1438 599 1485 daverat
624 1437 727 1484 duci
750 1436 1015 1501 Burgundie
1043 1453 1100 1484 ne
1126 1437 1224 1485 sine
1255 1436 1360 1500 ipso
1392 1436 1566 1484 bellum
1598 1434 1815 1484 commit-

406 1521 525 1562 teret
551 1519 713 1562 contra
738 1514 1018 1578 Flamingos.

470 1591 632 1639 Milites
658 1591 736 1653 qui
762 1597 892 1637 erant
919 1591 963 1637 in
992 1590 1169 1653 campis
1194 1590 1274 1638 ubi
1295 1596 1427 1638 erant
1445 1589 1668 1655 Flamingi
1688 1589 1815 1637 ordi-

407 1668 516 1724 nati,
534 1667 808 1714 multociens
827 1672 1134 1714 cucur-rerunt
1155 1673 1317 1714 contra
1337 1667 1482 1730 ipsos,
1504 1683 1590 1715 nec
1606 1681 1814 1730 unquam

406 1750 658 1808 potuerunt
675 1760 756 1791 eos
774 1743 1039 1808 disjungere
1056 1762 1066 1799 3
1086 1749 1132 1790 et
1152 1744 1216 1791 sic
1233 1744 1419 1791 fuerunt
1435 1762 1460 1790 a
1478 1743 1686 1791 meredic
1706 1743 1810 1807 (sio)

405 1838 552 1884 usque
585 1821 643 1868 ad
675 1820 1074 1883 complectorium.
1104 1823 1250 1867 Porro
1283 1820 1380 1867 dux
1409 1820 1573 1868 videns
1602 1819 1814 1867 inimicos

406 1899 465 1945 ita
492 1915 657 1961 prope,
682 1898 865 1945 vocavit
891 1898 949 1945 ad
976 1914 1026 1945 se
1051 1897 1270 1945 comitem
1294 1897 1554 1945 Armaniaci
1587 1903 1634 1944 et
1664 1897 1816 1944 consi-

405 1975 514 2021 lium
543 1991 677 2022 suum
705 1980 750 2022 et
782 1975 899 2023 dixit
929 1974 994 2022 eis
1029 1992 1037 2021 :
1076 1994 1096 2019 «
1131 1975 1249 2032 Quid
1281 1974 1417 2021 michi
1452 1974 1683 2022 laudatis?
1712 1977 1813 2022 Non

409 2071 428 2094 «
460 2052 597 2099 video
636 2052 828 2100 modum
866 2051 977 2114 quin
1014 2051 1214 2099 incidam
1251 2052 1298 2098 in
1333 2068 1553 2117 magnum
1585 2051 1808 2107 dedecus,

454 2221 486 2255 «1.
512 2233 525 2252 «
551 2220 597 2255 Et
623 2220 777 2257 avoient
805 2220 924 2257 fosso's
948 2221 1090 2257 devant
1111 2231 1247 2266 cux...,
1269 2226 1307 2256 et
1329 2220 1484 2256 avoient
1504 2219 1715 2268 pardevant
1736 2230 1812 2256 eux

408 2292 422 2310 «
447 2278 519 2313 mis
540 2278 776 2325 broteschcs,
801 2294 816 2313 »
839 2280 993 2316 suivant
1015 2280 1069 2317 les
1092 2280 1254 2316 Grandes
1276 2280 1502 2325 Glirom‘ques
1524 2283 1563 2325 (t.
1580 2279 1630 2324 V,
1651 2290 1688 2326 p.
1711 2278 1810 2325 39233

408 2336 460 2371 los
481 2338 680 2373 xlm-lennes
701 2340 917 2384 clm-onz‘ques
937 2341 978 2374 de
1000 2341 1156 2375 Flandre
1175 2341 1298 2383 (Istore
1315 2343 1347 2374 et
1360 2341 1552 2384 croniques
1566 2340 1607 2374 de
1622 2340 1808 2379 Flandres,

406 2401 432 2431 t.
451 2395 481 2440 I,
498 2408 532 2441 p.
551 2396 629 2440 2388)
650 2397 831 2443 adoptent
853 2410 900 2434 au
922 2398 1114 2434 contraire
1139 2398 1174 2434 la
1194 2398 1321 2434 meme
1342 2398 1451 2446 lecon
1472 2409 1545 2445 que
1567 2403 1676 2434 notre
1699 2397 1812 2434 chro-

406 2466 535 2501 nique.

453 2515 486 2549 ²2.
513 2527 527 2547 α
551 2512 587 2549 Α
616 2514 747 2550 l’autrc
775 2517 894 2561 coste,
923 2528 987 2552 sus
1015 2517 1047 2551 lc
1075 2521 1184 2553 mont
1213 2516 1258 2553 de
1288 2515 1358 2562 lez,
1387 2516 1408 2551 51
1439 2517 1474 2552 la
1503 2516 1668 2553 costiere
1696 2514 1810 2551 d'Ar-

409 2587 422 2606 «
447 2584 602 2620 ques...,
631 2586 646 2605 »
677 2573 802 2610 disent
833 2576 886 2612 les
917 2576 1078 2612 Grandes
1107 2577 1355 2621 Chroniques;
1391 2575 1445 2611 les
1474 2577 1676 2611 Anciennes
1705 2575 1811 2610 chro-

409 2636 534 2676 niques
563 2634 603 2667 (lc
634 2633 790 2668 Flamlw
821 2639 907 2670 sont
934 2635 1018 2681 plus
1045 2635 1241 2671 detailloes
1271 2647 1278 2670 :
1305 2648 1320 2668 α
1343 2633 1380 2670 Α
1408 2633 1558 2670 l'aultre
1586 2633 1655 2678 les,
1683 2643 1749 2670 sur
1776 2633 1809 2669 lc

410 2704 425 2722 «
449 2697 556 2725 mont
577 2690 681 2725 datas
703 2691 736 2725 la
758 2692 905 2727 maison
927 2693 971 2727 do
994 2693 1105 2729 Saint
1120 2694 1270 2739 Bertin,
1293 2693 1357 2740 qui
1373 2698 1431 2729 est,
1446 2703 1493 2728 au
1509 2692 1599 2728 bout
1615 2690 1806 2738 d'Arquos

411 2763 423 2781 α
451 2761 535 2785 vers
558 2749 667 2784 saint
688 2749 816 2785 Umor.
846 2764 861 2781 »
