1923 3358
368 277 411 313 76
650 277 1021 310 CHRONOGRAPHIA
1048 277 1200 308 REGUM
1225 276 1503 309 FRANCORUM.
1663 273 1766 320 [1339

368 358 637 406 mandatum
660 371 794 403 suum
812 354 936 419 apud
954 354 1188 402 civitatem
1203 354 1563 402 Noviomensem
1580 362 1625 403 et
1642 355 1767 419 quod

366 436 599 484 civitatem
638 435 1018 481 Cameracensem
1060 447 1151 478 non
1191 437 1349 495 posset
1387 431 1581 489 habere,
1623 432 1770 479 movit

366 511 621 560 exercitum
658 525 795 557 suum
832 509 877 556 in
917 526 1010 572 quo
1049 514 1182 556 erant
1215 517 1307 557 Lxm
1340 509 1579 557 hominum
1614 526 1770 557 armo-

365 605 488 644 rum,
519 593 569 634 ut
595 587 774 634 veniret
799 586 858 634 ad
884 586 1218 635 monasterium
1244 587 1303 635 de
1328 586 1569 644 vacellis1‚
1593 586 1770 634 ordinis

367 664 699 714 Cisterciensis.

429 745 554 789 Tunc
579 756 734 788 comes
767 741 972 788 Hanonie
997 740 1124 788 venit
1157 756 1316 788 coram
1348 756 1404 788 eo
1429 746 1474 787 et
1499 739 1687 804 capiens
1712 740 1770 788 ab

365 835 420 866 eo
444 818 681 866 licenciam
707 817 824 864 dixit
850 817 889 865 ei
916 835 925 863 :
956 836 974 861 (ι
1003 820 1069 864 Ex
1091 833 1184 880 quo
1210 816 1349 863 vultis
1375 816 1549 863 intrare
1573 832 1772 880 regnum

369 914 388 938 «
422 893 612 941 Francie
633 899 793 941 contra
813 909 974 957 regem
990 892 1269 956 Philippum,
1291 892 1572 939 avunculum
1592 908 1767 948 meum,

370 991 389 1016 «
420 972 631 1019 homines
658 971 755 1035 ejus
781 971 946 1018 cedere
967 976 1011 1017 et
1032 969 1232 1032 patriam
1252 975 1454 1026 vastare,
1478 969 1771 1017 considerato

370 1068 390 1092 a
421 1048 546 1111 quod
573 1048 790 1095 dominus
812 1064 942 1095 meus
963 1052 1049 1102 est,
1075 1047 1120 1093 in
1141 1053 1366 1109 quantum
1392 1052 1528 1093 teneo
1555 1046 1642 1093 sub
1667 1045 1771 1109 ipso

370 1145 388 1169 c<
421 1131 594 1172 terram
621 1124 942 1181 Auxtrevanti,
973 1139 1096 1170 nunc
1122 1123 1289 1170 recedo
1316 1140 1342 1169 a
1367 1122 1501 1170 vobis
1526 1128 1573 1170 et
1601 1122 1771 1170 amodo

371 1222 390 1246 ε(
421 1201 632 1248 inimicus
666 1206 819 1248 vester
851 1217 949 1247 ero.
986 1219 1004 1243 1>
1036 1202 1091 1246 Et
1117 1215 1383 1262 quanquam
1414 1215 1499 1245 rex
1524 1199 1687 1263 Anglie
1713 1199 1771 1246 de

364 1278 452 1325 hoc
472 1278 668 1325 multum
692 1277 869 1324 doleret
892 1282 938 1323 et
958 1275 1176 1323 dominus
1202 1276 1435 1324 ‚lohannes
1461 1276 1519 1323 de
1544 1275 1768 1333 Hanonia,

366 1355 661 1402 marescallus
691 1354 760 1401 sui
791 1353 1040 1407 exercituS‚
1073 1353 1396 1400 nichilominus
1428 1359 1582 1400 tamen
1615 1369 1772 1401 comes

365 1431 463 1479 sine
500 1447 630 1478 mora
668 1430 862 1478 recessit
900 1436 945 1478 et
981 1430 1094 1478 abiit
1132 1430 1190 1477 ad
1228 1431 1528 1478 Kaisneturn2
1567 1437 1771 1479 castrum

366 1525 520 1566 suum,
549 1508 607 1554 ad
635 1507 988 1572 congregandos
1012 1507 1225 1554 homines
1250 1524 1507 1555 armorum.

431 1589 557 1633 Tunc
599 1601 756 1632 comes
800 1583 1162 1632 Saresberiensis
1200 1584 1257 1632 ab
1299 1584 1506 1632 exercitu
1546 1584 1771 1633 recedens

367 1678 473 1710 cum
504 1662 625 1709 mille
655 1661 920 1709 hominibus
955 1677 1194 1708 armorum
1226 1668 1272 1709 et
1302 1662 1569 1727 quingentis
1603 1662 1770 1726 sagita—

365 1739 463 1796 riis,
487 1745 538 1786 ut
557 1739 813 1802 compleret
832 1744 994 1786 votum
1016 1755 1169 1796 suum,
1191 1739 1318 1786 venit
1339 1745 1385 1786 et
1404 1739 1588 1787 obsedit
1607 1740 1770 1787 castel-

366 1815 460 1862 lum
485 1815 592 1863 ville
612 1815 670 1862 de
693 1815 1031 1865 Walaincurte3
1055 1833 1107 1863 ac
1131 1815 1313 1862 fortiter
1338 1816 1520 1863 invasit.
1545 1816 1769 1864 Dominus

365 1898 519 1940 autem
540 1892 749 1954 ejusdem
770 1892 876 1939 ville
897 1892 1020 1939 intus
1041 1892 1262 1950 existens,
1287 1892 1510 1940 deffendit
1529 1893 1768 1941 castellum

366 1986 500 2017 suum
527 1986 632 2017 cum
659 1969 754 2017 suis
779 1969 1061 2025 hominibus,
1086 1969 1147 2016 ita
1169 1975 1219 2017 ut
1241 1986 1398 2017 comes
1425 1970 1645 2018 confusus
1672 1970 1769 2018 sine

366 2046 494 2092 lucro
520 2045 696 2093 rediret
720 2045 778 2092 ad
804 2051 955 2093 castra
980 2045 1105 2109 regis
1130 2046 1310 2110 Anglie.

430 2121 510 2168 Die
528 2121 757 2184 sequenti,
779 2121 836 2169 de
854 2137 1005 2178 mane,
1027 2121 1267 2168 assultavit
1283 2121 1520 2169 castellum
1538 2123 1769 2171 Mansardi

367 2196 424 2244 de
455 2199 664 2255 Auxona,
703 2199 782 2261 qui
815 2199 968 2246 taliter
1001 2215 1050 2246 se
1086 2198 1308 2246 deflendit
1344 2199 1470 2263 quod
1508 2216 1682 2259 comes,
1718 2207 1769 2249 ut

366 2337 630 2373 Maubnisson.
656 2338 766 2380 (Bibl.
791 2345 885 2385 nat„
908 2340 1034 2376 Titres
1056 2339 1192 2376 scelles
1220 2340 1265 2375 dc
1292 2340 1583 2387 Clairambault„
1606 2341 1680 2377 vol.
1706 2342 1764 2386 67,

368 2398 429 2433 fol.
455 2397 572 2441 5243.)

415 2457 447 2492 1.
473 2455 697 2502 Vaucesses,
725 2457 849 2500 Nord,
880 2458 1207 2494 arrondissemcnt
1241 2458 1286 2495 dc
1316 2458 1516 2505 Gambrai,
1546 2465 1688 2496 canton
1720 2460 1766 2496 de

368 2516 611 2552 Crevecoeur.

414 2575 447 2610 2.
472 2575 524 2609 Le
552 2574 748 2620 Quemoy,
771 2574 887 2620 Nord,
910 2576 1239 2612 arrondissement
1262 2575 1492 2622 d'Avesnes,
1515 2577 1700 2614 chef-lieu
1721 2578 1765 2614 de

370 2639 524 2669 canton.

418 2692 450 2726 3.
474 2691 733 2736 VValincourt,
764 2692 880 2736 Nord,
907 2694 1234 2730 arrondissement
1259 2694 1305 2730 {lc
1332 2695 1523 2740 Cambrai,
1553 2701 1693 2731 canton
1720 2695 1765 2731 dc

369 2750 495 2797 Clary.
