1923 3358
317 249 383 285 204
595 245 965 280 GHRoNOGRAPHIA
992 244 1144 276 REGUM
1169 242 1447 275 FRANCORUM.
1613 239 1717 286 [1343

317 348 422 379 cum
447 329 635 377 aciebus
669 325 764 372 suis
790 323 1034 380 ordinatis,
1064 340 1117 370 ac
1149 339 1345 385 vespere
1377 322 1435 369 ad
1462 329 1612 370 castra
1638 340 1721 371 sua

317 413 423 455 sunt
442 402 660 469 regressi.
685 400 904 448 Similiter
924 399 1064 448 etiam
1085 398 1302 463 apparuit
1321 415 1406 445 rex
1426 399 1587 463 Anglie
1613 416 1719 447 cum

317 483 501 531 aciebus
527 478 752 527 ordinatis
787 494 840 525 ac
870 494 975 525 sero
1001 476 1227 524 remeavit
1252 475 1310 522 ad
1343 482 1494 522 castra
1520 492 1620 522 sua.
1649 476 1722 524 Sic

316 560 523 606 fecerunt
548 571 634 619 per
664 553 868 618 quinque
903 553 1020 610 dies,
1051 558 1097 599 et
1130 553 1218 599 hoc
1254 551 1446 614 quidam
1477 551 1722 599 cardinalis

316 634 458 687 fecit¹‚
488 633 656 679 missus
673 649 697 679 a
715 634 836 693 Papa
856 646 994 678 causa
1019 628 1248 676 tractandi
1269 628 1326 676 de
1347 645 1460 692 pace
1485 628 1559 675 vel
1584 628 1719 676 indu-

315 710 407 757 cias
434 707 716 772 impetrandi
744 707 866 754 inter
881 707 1029 754 dictos
1051 706 1169 754 duos
1190 722 1325 770 reges
1352 723 1360 752 :
1393 710 1573 752 tantum
1598 705 1723 752 enim

315 785 583 851 procuravit
609 784 736 848 quod
764 783 947 831 inducie
973 783 1116 831 trium
1150 798 1378 830 annorum
1407 782 1464 829 ab
1491 781 1721 830 ambobus

314 863 504 928 regibus
530 862 802 909 confirmate
830 861 984 908 sunt2.

379 940 588 989 Recessit
613 955 726 1003 ergo
753 955 838 985 rex
854 937 1014 1001 Anglie
1037 942 1082 983 et
1107 936 1428 984 transfretavit
1447 936 1491 983 in
1510 935 1724 1000 Angliam

315 1024 359 1065 et
401 1034 485 1065 rex
536 1016 724 1064 Francie
774 1014 949 1062 dimisit
999 1013 1257 1060 dominium
1303 1013 1444 1061 totius
1488 1012 1724 1060 Britannie

315 1094 473 1159 gallice
498 1093 668 1141 Karolo
702 1090 906 1140 Blesensi
938 1096 983 1137 et
1012 1106 1232 1137 reversus
1258 1096 1327 1136 est
1363 1089 1408 1136 in
1435 1088 1720 1145 Franciam33

315 1176 448 1218 erant
492 1174 648 1216 autem
686 1168 732 1214 in
776 1165 1013 1214 Britannia
1046 1165 1309 1212 britannata
1348 1165 1492 1212 multe
1529 1163 1636 1211 ville
1677 1170 1723 1211 et

317 1247 459 1294 multa
492 1251 644 1293 castra
682 1261 772 1308 que
808 1260 857 1291 se
893 1242 1114 1290 tenebant
1150 1241 1236 1288 sub
1270 1241 1506 1289 comitissa
1537 1240 1726 1290 Montis-

317 1324 493 1371 fortis4.

379 1403 489 1447 Post
507 1414 778 1463 regressum
803 1397 1037 1444 dictorum
1062 1411 1231 1460 regum
1254 1395 1313 1443 ad
1339 1395 1548 1458 propria,
1579 1395 1726 1442 comi-

317 1477 430 1524 tissa
464 1473 820 1523 salesberiensis
854 1477 1110 1535 conquesta
1145 1477 1216 1518 est
1247 1471 1416 1518 marito
1447 1487 1531 1518 suo
1564 1471 1623 1519 de
1656 1471 1724 1519 sui

316 1552 565 1600 violatione
589 1569 614 1598 a
642 1567 754 1614 rege
788 1549 978 1613 Anglie3
1006 1549 1082 1612 qui
1110 1548 1168 1595 (16
1193 1548 1282 1595 hoc
1306 1553 1483 1595 mestus
1508 1554 1553 1595 et
1579 1548 1726 1595 tristis

317 1628 650 1683 ultramodum,
681 1626 956 1674 convocavit
991 1625 1166 1673 amicos
1202 1641 1311 1672 suos
1344 1631 1484 1688 atque
1516 1641 1623 1672 cum
1658 1625 1725 1672 eis

316 1705 475 1753 abiens
496 1705 553 1751 ad
575 1704 751 1751 curiam
773 1703 898 1767 regis
925 1702 1106 1766 Anglie,
1136 1701 1216 1749 ubi
1242 1718 1402 1749 coram
1429 1718 1502 1757 eo,
1534 1718 1726 1764 presen—

316 1781 440 1829 tibus
467 1781 658 1845 paribus
685 1780 836 1844 regni,
872 1779 1091 1826 dissaisiit
1119 1795 1168 1826 se
1201 1778 1258 1825 de
1294 1784 1392 1825 tota
1424 1784 1548 1826 terra
1572 1796 1654 1826 sua
1681 1785 1727 1826 et

318 1875 371 1906 ea
393 1858 674 1906 hereditavit
703 1857 845 1904 filiam
867 1873 998 1904 suam
1025 1856 1134 1919 quia
1164 1855 1471 1903 masculinum
1501 1856 1724 1903 heredem

321 1952 412 1982 non
451 1935 673 1990 habebat,
713 1934 779 1981 sic
819 1933 944 1998 quod
978 1950 1099 1981 uxor
1132 1934 1232 1995 ejus
1272 1933 1468 1980 haberet
1507 1932 1726 1997 doagium

319 2012 542 2076 quamdiu
566 2012 763 2059 viveret.

368 2148 399 2182 1.
425 2146 472 2181 V.
489 2156 616 2191 supra,
633 2157 668 2192 p.
687 2146 769 2192 185,
786 2150 876 2181 note
893 2145 924 2180 5.
943 2144 998 2181 Ici
1011 2144 1036 2180 il
1051 2154 1100 2180 ne
1117 2144 1196 2179 faut
1216 2153 1284 2190 pas
1303 2143 1372 2179 lire
1391 2144 1608 2186 cardinalis,
1626 2143 1724 2179 mais

318 2207 424 2240 ambo
445 2206 654 2241 cardinales
674 2207 853 2250 fecerunt.

365 2263 399 2298 2.
423 2263 478 2298 La
502 2263 608 2299 treve
634 2274 683 2299 en
713 2263 890 2311 question
919 2262 1098 2310 s'appelle
1126 2262 1162 2298 la
1188 2261 1296 2298 treve
1323 2261 1368 2297 de
1395 2261 1628 2305 Malestroit;
1653 2261 1726 2298 elle

320 2323 375 2359 fut
405 2322 565 2358 conclue
592 2322 625 2358 16
658 2322 700 2359 19
724 2322 877 2371 janvier
906 2322 995 2359 1343
1027 2324 1079 2367 (n.
1105 2323 1182 2367 st.).
1206 2320 1263 2357 Cf.
1295 2322 1455 2358 Grandes
1485 2322 1721 2367 chronique&

320 2387 347 2418 t.
370 2381 419 2427 V,
442 2392 478 2427 p.
500 2380 583 2416 420.

368 2440 401 2475 3.
424 2438 598 2485 philippe
624 2438 669 2475 de
698 2439 831 2476 Valois
859 2444 980 2485 resta,
1010 2439 1203 2487 parait-il,
1239 2450 1288 2475 en
1315 2439 1512 2486 Bretagne
1543 2439 1722 2487 jusqu'au

322 2502 658 2535 commencement
678 2497 725 2533 du
748 2498 845 2535 mois
872 2499 918 2534 de
945 2498 1098 2546 janvier
1120 2498 1208 2534 1343
1232 2500 1284 2542 (n.
1307 2499 1368 2539 st.)
1391 2499 1514 2542 (Ibid.,
1536 2509 1571 2544 p.
1595 2498 1689 2536 420).

366 2558 399 2593 si.
423 2557 490 2592 Cet
511 2557 773 2592 attacheniont
793 2557 838 2593 de
861 2558 896 2593 la
918 2558 1255 2604 Basse-Brctagnc
1272 2557 1293 2592 ἐι
1310 2557 1494 2593 Montsort
1506 2564 1560 2592 cst
1585 2568 1636 2593 un
1658 2556 1724 2592 fait

322 2615 483 2653 certain.
506 2615 559 2650 Le
581 2614 854 2651 continuateur
874 2616 919 2652 (16
940 2617 1162 2653 Guillaume
1179 2615 1224 2652 dc
1238 2616 1387 2663 Nangis
1402 2615 1497 2651 ecrit
1511 2615 1556 2651 de
1570 2616 1695 2650 memo
1714 2627 1720 2649 ;

325 2689 339 2707 «
363 2674 538 2710 Habebat
577 2673 680 2710 enim
714 2685 895 2720 magnam
925 2682 1072 2722 partem
1107 2675 1310 2712 Britannie
1336 2674 1629 2711 britannizantis
1656 2685 1722 2719 pro

328 2747 342 2765 «
367 2744 450 2768 SC...
476 2746 492 2765 )>
517 2736 554 2778 (t.
578 2732 627 2775 II,
651 2744 683 2779 p.
710 2733 800 2777 188).
