1923 3358
143 250 246 296 1346]
416 254 787 287 CHRONOGRAPHIA
812 255 965 287 REGUM
990 255 1268 288 FRANOORUM.
1473 254 1540 291 233

141 333 378 380 nominati.
410 337 458 380 In
493 333 658 382 eodem
691 334 813 382 bello
842 340 1006 398 captus
1036 341 1106 383 est
1137 336 1356 400 princeps
1380 335 1542 385 Wallie

140 426 166 455 a
191 410 359 457 comite
386 410 617 468 Flandrie,
642 411 724 458 sed
752 412 1052 474 postmodum
1079 419 1399 476 recuperatus.

204 487 365 533 Franci
386 503 499 534 vero
525 486 694 534 devicti
720 494 827 534 sunt
852 493 896 535 et
917 505 1001 535 rex
1027 488 1266 552 Philippus
1292 489 1364 537 bis
1390 489 1542 554 dejec-

138 568 214 610 tus
243 563 302 610 de
331 580 468 626 equo,
499 563 581 610 sed
610 564 842 610 relevatus
868 570 939 611 est
964 582 989 610 a
1021 564 1230 612 Johanne
1255 565 1313 613 de
1337 567 1542 614 Hanonia

139 639 219 701 qui
245 639 431 686 tenebat
457 639 639 686 frenum
664 639 772 701 equi
797 640 884 696 sui,
910 640 1083 703 quique
1109 641 1251 688 traxit
1276 658 1383 690 eum
1409 649 1540 691 extra

137 715 327 770 bellum,
359 714 558 777 turpiter
583 730 802 778 campum
827 715 1073 762 deserens1
1102 723 1299 779 propter
1326 718 1543 782 Anglicos

138 792 215 854 qui
230 791 449 838 audacter
460 791 740 847 insistentes,
757 791 919 839 cedem
934 791 1248 840 miserandam
1262 794 1538 842 inferebant.

136 871 233 915 Hoc
259 868 432 915 bellum
452 867 537 914 fuit
557 867 630 914 die
648 868 827 915 sabbati
850 874 957 932 post
976 869 1147 917 festum
1169 871 1322 918 Sancti
1347 872 1541 919 Bartho-

136 944 299 999 lomei‚
347 944 394 991 in
438 961 597 991 mense
642 945 825 1009 augusti
870 945 978 992 anni
1025 947 1281 1008 prenotati,
1327 947 1542 995 videlicet

138 1020 183 1067 Mi
203 1020 302 1069 ccci
322 1019 444 1069 XLVIi
455 1022 474 1049 2
483 1058 492 1067 .

201 1099 326 1144 Tunc
358 1097 403 1143 in
437 1096 604 1144 eodem
639 1098 760 1145 bello
794 1098 967 1146 mortui
1006 1104 1114 1146 sunt
1148 1115 1307 1147 comes
1344 1100 1543 1148 Alectio-

136 1172 309 1230 nensis,
343 1172 486 1219 frater
521 1173 645 1237 regis
679 1173 893 1237 Philippi,
928 1174 1175 1232 Johannes,
1216 1191 1300 1222 rex
1334 1176 1540 1234 Boemie,

137 1249 232 1297 dux
252 1249 547 1313 Lotharingie
571 1250 857 1313 comitesque
884 1251 1114 1308 Flandrie,
1141 1252 1370 1300 Sabaudie
1385 1254 1419 1311 3,
1443 1254 1544 1301 Ble-

136 1325 307 1381 sensis,
346 1325 742 1373 Autisiodorensis
781 1331 829 1373 et
867 1326 1103 1373 Haricurie
1139 1333 1185 1374 et
1224 1328 1296 1375 bis
1337 1330 1541 1377 sexcenti

135 1401 322 1448 milites.
346 1404 394 1447 In
416 1407 516 1448 toto
536 1418 649 1448 vero
669 1402 841 1449 mortui
869 1403 1056 1450 fuerunt
1074 1403 1164 1450 tria
1182 1403 1307 1451 milia
1328 1410 1375 1451 et.
1395 1405 1543 1452 octin—

135 1479 262 1543 genti
288 1479 501 1526 homines
527 1484 573 1526 et
599 1495 692 1526 non
718 1479 894 1542 plures.

198 1557 256 1603 At
290 1572 374 1602 rex
407 1555 599 1604 Francie
628 1556 689 1603 ob
721 1573 852 1604 suam
888 1557 1045 1621 sugam
1075 1563 1120 1605 et
1154 1574 1348 1606 suorum
1380 1575 1542 1606 necem

134 1632 365 1689 anxiatus,
390 1633 645 1680 occubente
678 1633 791 1690 sole,
824 1650 908 1696 per
936 1634 1242 1691 Arboream4,
1275 1636 1443 1683 deinde
1469 1636 1543 1683 illa

184 1790 216 1824 1.
240 1788 315 1824 Sur
336 1789 524 1826 l'attitude
545 1790 590 1826 de
612 1791 787 1837 Philippe
809 1790 854 1826 de
876 1790 1011 1827 Valois
1034 1790 1202 1837 pendant
1218 1791 1254 1826 la
1268 1791 1438 1838 bataille,
1462 1792 1544 1829 voir-

135 1849 379 1894 Biblz'otlzeque
408 1851 449 1884 de
477 1843 604 1886 l’Ecole
632 1852 690 1886 des
717 1852 869 1893 chartes,
895 1855 921 1886 t.
945 1851 988 1896 L,
1012 1851 1136 1886 annee
1164 1851 1270 1897 1889,
1291 1862 1327 1897 p.
1350 1851 1433 1898 295,
1454 1853 1543 1888 Phi-

135 1909 229 1952 lippa
256 1908 297 1942 VI
315 1908 337 1942 c'z
360 1910 395 1943 la
417 1909 567 1944 bataille
585 1910 626 1944 de
649 1909 771 1954 Creroy.

180 1965 214 2001 2.
238 1966 283 2002 26
305 1968 394 2002 aont
419 1967 520 2003 1346.
544 1967 603 2004 On
625 1978 647 2003 a
667 1969 853 2005 conserve
874 1969 1059 2015 quelques
1080 1969 1188 2005 listes
1203 1968 1249 2004 de
1264 1979 1359 2015 gens
1380 1967 1543 2005 d’armes

134 2024 199 2071 qui
219 2024 415 2071 perdirent
436 2026 540 2061 leurs
560 2027 737 2062 chevaux
761 2038 803 2063 ce
828 2027 976 2074 jour-la
1004 2027 1117 2073 (Bibl.
1141 2032 1236 2071 nat„
1258 2027 1385 2063 Titres
1408 2027 1543 2064 scelles

133 2081 178 2119 de
199 2082 492 2126 Clairambault,
514 2083 588 2119 vol.
614 2084 648 2127 7,
669 2083 777 2129 piece
799 2091 842 2119 n0
862 2084 920 2128 40,
944 2089 981 2120 et
1002 2084 1075 2120 vol.
1099 2085 1158 2129 48,
1180 2084 1287 2131 piece
1308 2093 1352 2120 110
1374 2086 1444 2130 77).

182 2142 216 2178 3.
238 2142 270 2176 Il
292 2153 316 2189 y
337 2152 359 2177 a
379 2142 415 2177 la
442 2153 520 2178 une
548 2153 695 2188 erreur,
722 2142 883 2187 Aimon,
912 2148 1038 2178 comte
1060 2142 1105 2179 de
1137 2143 1291 2189 savoie,
1313 2145 1421 2180 etant
1443 2150 1544 2182 mort

134 2201 168 2236 le
189 2200 234 2236 ‘24
252 2200 338 2247 juin
361 2200 466 2246 1343,
492 2206 528 2238 et
550 2212 620 2237 son
641 2201 701 2236 fils
730 2201 902 2237 Amedee
932 2206 1050 2248 ayant
1077 2202 1172 2238 vecu
1196 2201 1376 2249 jusqu'au
1396 2202 1417 2238 2
1438 2215 1542 2239 mars

135 2260 238 2296 1383.
261 2260 294 2296 Il
313 2271 361 2295 ne
393 2265 485 2307 peut
512 2260 625 2307 s'agir
654 2271 727 2308 que
754 2260 803 2296 du
832 2265 957 2297 comte
984 2260 1029 2296 de
1061 2261 1181 2307 Salm,
1203 2272 1276 2308 que
1303 2261 1359 2297 les
1381 2263 1542 2300 Grandes

137 2319 361 2364 Chroniques
394 2319 588 2366 appellent
618 2333 633 2353 «
662 2320 696 2355 le
725 2325 850 2356 comte
877 2319 922 2355 de
951 2319 1130 2356 Samines
1159 2333 1174 2353 »
1212 2323 1259 2366 (t.
1289 2321 1339 2367 V,
1366 2332 1402 2368 p.
1435 2322 1539 2367 462).

134 2377 294 2424 D'apres
322 2378 513 2414 Froissart
536 2379 606 2424 (ed.
639 2379 759 2423 Luce,
779 2384 807 2415 t.
831 2378 903 2423 HI,
925 2390 961 2425 p.
985 2380 1086 2425 an),
1110 2379 1144 2415 le
1175 2384 1299 2416 comte
1327 2380 1372 2416 de
1401 2381 1541 2418 savoie

135 2448 184 2472 ne
205 2437 384 2484 rejoignit
404 2438 559 2474 l’armee
579 2449 652 2485 que
674 2438 708 2473 le
728 2438 771 2474 ‘27
795 2440 899 2482 aeut,
921 2437 1141 2474 lendemaiu
1167 2438 1213 2474 de
1242 2439 1280 2475 la
1299 2439 1454 2476 bataille
1477 2441 1538 2486 (cf.

135 2497 343 2541 Ghronz’que
364 2499 577 2541 normande,
602 2508 640 2543 p.
662 2498 744 2543 275,
762 2502 851 2533 note
875 2497 945 2542 10).
969 2497 1099 2541 Quant
1113 2508 1161 2534 au
1177 2498 1311 2547 chiffre
1326 2498 1392 2535 des
1412 2504 1540 2546 pertes

135 2554 363 2603 franeaises,
385 2561 496 2591 notre
518 2556 730 2603 chronique
752 2556 879 2592 donne
900 2557 1144 2593 assurement
1165 2557 1198 2592 le
1219 2557 1304 2604 plus
1325 2564 1451 2594 exact.

182 2615 216 2650 4.
240 2614 427 2661 Labroye‚
456 2615 765 2660 Pas-de-Calais,
795 2615 1124 2652 arrondissement
1154 2615 1199 2653 de
1225 2616 1537 2653 Montreuil-sur-

136 2673 231 2718 Mer,
255 2678 397 2710 canton
419 2673 464 2709 de
485 2674 645 2710 Hcsdin.
664 2674 736 2710 Ces
752 2674 889 2710 details
910 2680 1123 2722 manquent
1143 2675 1239 2711 dans
1260 2676 1315 2712 les
1333 2677 1536 2712 Ancietmes

137 2733 352 2778 chroniques
372 2734 412 2768 de
435 2734 602 2768 flandr-e.
