1923 3358
129 303 232 349 1338]
402 305 772 337 CHRONOGRAPHIA
798 304 950 336 REGUM
975 303 1253 335 FRANCORUM.
1484 298 1525 334 53

124 385 271 443 Barri‚
302 401 437 432 causa
463 384 623 431 uxoris
649 401 747 441 sue,
778 383 965 431 domine
991 381 1222 437 Casselli¹‚
1250 380 1341 427 filie
1366 379 1528 426 videli-

124 468 197 509 cet
221 462 430 519 Roberti⁷
460 461 635 508 domini
663 460 720 507 de
747 460 898 507 Cassel
926 475 1075 522 nuper
1101 457 1322 515 defuncti,
1349 456 1408 504 de
1434 472 1528 520 quo

124 555 264 601 supra
286 538 460 585 dictum
481 543 568 584 est.
594 536 679 594 Qui
697 535 989 583 Edowardus
1016 551 1121 581 cum
1147 539 1273 581 tanta
1299 538 1528 598 potestate

123 615 249 662 venit
274 615 321 661 in
347 614 502 661 villam
528 613 654 675 quod
681 628 843 659 omnes
871 610 1198 658 Gandavenses
1225 610 1409 668 occidit,
1438 610 1529 657 fra-

122 698 338 754 tremque
362 690 518 739 Jacobi
544 688 602 735 de
627 687 891 735 Arthevella
916 687 1169 750 decapitari
1195 688 1348 734 fecit?

188 770 286 826 Quo
311 766 469 814 audito
494 764 693 813 Jacobus
714 764 888 828 juravit
914 763 1041 827 quod
1069 779 1176 811 eum
1200 763 1356 810 debite
1380 762 1532 810 vindi-

123 848 265 899 caret,
295 840 534 889 mandavit
565 856 753 903 quoque
785 839 873 886 illis
903 839 961 886 de
987 841 1145 902 Yppra
1173 837 1391 900 quatinus
1422 837 1527 894 sibi,

121 925 172 967 ut
212 922 474 982 Brugenses
517 923 562 964 et
604 916 954 972 Gandavenses,
1000 914 1272 971 obedirent;
1314 914 1377 960 illi
1417 931 1532 961 vero

121 994 462 1043 mandaverunt
501 993 542 1040 ei
585 992 713 1056 quod
754 992 841 1039 hoc
884 1008 977 1039 non
1018 991 1224 1039 facerent
1265 990 1363 1037 sine
1400 990 1531 1054 jussu

121 1071 319 1119 comitis.
355 1069 660 1135 Congregatis
697 1085 809 1133 ergo
845 1076 975 1117 xxxm
1007 1067 1137 1125 viris,
1171 1066 1372 1116 Jacobus
1405 1067 1534 1114 venit

120 1154 226 1196 ante
246 1151 453 1212 Yppram
480 1152 527 1194 et
551 1146 736 1194 obsedit
755 1162 875 1193 eam.
900 1149 1170 1209 Ypprenses
1190 1161 1322 1201 vero,
1347 1160 1454 1191 cum
1474 1143 1533 1190 ab

121 1242 177 1272 eo
204 1225 534 1288 impetrassent
559 1240 700 1270 unam
729 1223 852 1270 diem
872 1239 960 1285 pro
983 1221 1196 1278 induciis,
1226 1221 1293 1268 sic
1319 1220 1464 1283 quod,
1495 1219 1530 1267 si

122 1319 279 1350 comes
311 1318 404 1348 non
429 1300 627 1357 veniret,
658 1299 913 1347 redderent
943 1316 992 1346 se
1025 1299 1131 1355 sibi,
1161 1298 1375 1346 videntes
1407 1296 1534 1360 quod

122 1395 279 1426 comes
300 1395 392 1425 non
412 1377 595 1425 veniret
615 1394 700 1424 nec
719 1376 885 1439 aliquis
905 1393 992 1440 pro
1014 1393 1087 1431 eo,
1109 1375 1404 1422 uniformiter
1424 1390 1534 1421 con-

122 1455 318 1520 gregati,
355 1454 662 1501 reddiderunt
694 1453 849 1500 villam
881 1453 1054 1501 Jacobo
1086 1452 1144 1499 de
1176 1451 1424 1500 Artevella.
1463 1450 1536 1498 Sic

122 1532 264 1597 igitur
283 1531 408 1579 idem
426 1535 449 1579 J
453 1531 626 1578 acobus
647 1531 794 1577 factus
815 1535 885 1577 est
907 1529 1124 1576 dominus
1141 1529 1282 1575 trium
1298 1527 1530 1584 villarum,

122 1626 207 1656 nec
238 1608 488 1671 episcopus
516 1606 790 1654 Morinensis
823 1605 977 1668 aliquo
1012 1605 1154 1652 modo
1190 1604 1343 1668 potuit
1378 1620 1536 1651 secum

121 1691 338 1733 tractare.
379 1683 552 1732 Deinde
590 1683 651 1731 illi
689 1683 747 1731 de
783 1686 960 1730 Franco
999 1688 1044 1729 et
1081 1687 1235 1728 cetere
1273 1680 1536 1728 castellanie

121 1760 427 1808 reddiderunt
454 1776 504 1807 se
530 1759 699 1816 eidem,
729 1759 792 1806 ita
821 1764 872 1805 ut
896 1757 1039 1805 totius
1071 1756 1285 1804 Flandrie
1317 1756 1535 1804 dominus

120 1839 270 1886 fieret.

186 1917 302 1964 Cum
334 1920 490 1962 autem
523 1918 647 1961 esset
676 1928 896 1960 reversus
926 1911 1215 1967 Gandavum,
1246 1926 1305 1957 ex
1330 1910 1536 1973 qualibet

121 1991 264 2038 trium
295 1990 511 2038 villarum
544 1989 684 2054 elegit
716 1988 812 2053 iiijor
837 1989 1096 2053 burgenses
1128 2003 1247 2050 quos
1279 1986 1536 2034 transmisit

122 2067 438 2115 Londoniamss
465 2066 523 2113 ad
549 2082 711 2130 regem
737 2065 919 2130 Anglie‚
950 2064 1007 2112 ad
1034 2063 1343 2111 intimandum
1369 2063 1410 2110 ei
1437 2063 1536 2110 Fla-

123 2144 306 2208 mingos
332 2161 434 2191 esse
454 2149 644 2207 paratos
664 2143 722 2190 ad
744 2142 1058 2190 obediendum
1080 2140 1167 2188 sibi
1188 2145 1234 2187 et
1254 2139 1379 2203 quod
1400 2139 1535 2203 hujus

123 2237 260 2268 causa
296 2220 591 2284 permitteret
628 2219 955 2267 marcimonias
993 2217 1152 2265 venire
1191 2216 1236 2263 in
1272 2216 1534 2264 Flandriam

170 2370 203 2405 1.
227 2368 280 2404 Le
302 2373 428 2405 comte
450 2368 495 2404 de
517 2368 597 2404 Bar
617 2367 711 2404 etait
732 2367 850 2414 alors,
873 2377 951 2403 non
971 2377 1039 2413 pas
1060 2355 1253 2411 Edonard,
1274 2365 1373 2402 mais
1394 2366 1532 2412 Henri,

123 2427 337 2476 quatrieme
358 2427 408 2463 du
428 2438 535 2473 nom,
551 2427 615 2475 qui
631 2428 788 2474 epousa‚
805 2426 904 2462 mais
925 2426 1141 2462 seulement
1155 2436 1202 2461 en
1219 2425 1322 2471 1340,
1340 2425 1530 2470 Yolande,

122 2487 201 2523 fille
221 2486 267 2522 de
288 2486 433 2522 Rohert
454 2486 499 2522 de
520 2485 666 2523 Cassel.

170 2546 204 2582 2.
227 2546 273 2581 Je
294 2545 372 2581 n’ai
391 2556 440 2592 pu
463 2550 619 2582 trouver
641 2544 783 2592 duquel
803 2544 869 2580 des
893 2543 1011 2580 freres
1031 2543 1077 2580 de
1097 2544 1265 2592 Jacques
1286 2542 1532 2582 d’Artevelde

123 2603 149 2638 il
171 2602 378 2650 s’agissait.

173 2661 206 2696 3.
231 2661 424 2697 Froissart
444 2661 548 2708 parle
564 2672 613 2697 en
628 2661 717 2697 effet
739 2672 832 2698 avec
854 2661 988 2697 details
1009 2661 1058 2698 du
1079 2672 1226 2709 voyage
1248 2662 1314 2699 des
1335 2662 1531 2708 represen-

124 2726 230 2757 tants
254 2720 320 2756 des
347 2732 575 2757 communes
605 2732 653 2757 en
682 2720 924 2767 Angleterre.
959 2721 1177 2767 (Froissart,
1206 2721 1264 2758 ed.
1295 2721 1412 2766 Luce,
1441 2727 1468 2756 t.
1498 2721 1529 2767 1,

126 2791 161 2826 p.
184 2780 250 2817 413
273 2780 295 2816 a
316 2781 413 2825 415.)
