1923 3358
127 266 232 313 1368]
398 270 767 303 CHRONOGRAPHIA
793 272 947 304 REGUM
971 272 1251 305 FRANCORUM.
1464 271 1530 308 333

124 348 429 406 Ludovicum,
466 349 632 397 ducem
658 350 925 414 Andegavie
960 355 1007 398 et
1038 350 1257 398 comitem
1283 350 1531 400 Cinoman-

123 425 215 482 nie,
245 425 325 489 qui
352 426 596 473 obsidebat
623 429 929 474 Tarasconem
952 427 997 474 in
1028 428 1293 475 Provincial
1313 447 1323 486 ;
1346 434 1394 476 et
1420 435 1530 493 post

122 501 375 559 modicum,
405 503 524 549 facta
548 520 661 565 pace
687 520 793 550 cum
819 503 979 568 regina
1004 503 1170 560 Sicilie,
1197 504 1409 567 prefatus
1432 505 1529 554 dux

119 578 231 625 abiit
271 578 501 635 Tolosam,
544 579 765 642 quoniam
806 586 906 626 erat
947 580 1215 643 capitaneus
1258 581 1317 629 de
1354 582 1530 647 Lingua

120 654 336 702 Occitana
355 661 400 702 et
419 655 572 703 locum
598 661 762 703 tenens
781 656 905 720 regis
931 656 978 702 in
1004 656 1168 704 eadem
1195 658 1385 722 regione
1416 676 1426 706 ε
1456 658 1530 707 6111

117 731 241 779 idem
265 748 367 788 rex,
397 731 542 779 frater
568 731 684 796 ejus,
712 731 799 779 hiis
826 732 1040 788 diebus2,
1071 733 1130 780 ad
1160 733 1304 781 vitam
1326 740 1525 792 tantum,

117 807 246 856 dedit
271 808 490 856 ducatum
511 808 742 863 Turonie;
775 808 976 856 habehat
1002 809 1140 856 etiam
1167 810 1292 858 dono
1319 811 1529 875 ejusdem

115 885 258 950 regis,
283 884 441 932 fratris
462 885 550 942 sui,
572 885 631 932 ad
651 884 795 932 vitam
816 885 968 933 solum
993 892 1199 934 castrum
1220 887 1528 936 Ribodimon-

114 961 173 1008 tis
194 961 274 1008 ubi
295 967 366 1008 est
390 960 687 1024 prepositura
717 961 887 1026 regalis
916 961 1101 1010 ballivie
1122 963 1523 1022 viromandensis,

115 1053 221 1085 cum
244 1042 341 1084 tota
367 1037 648 1084 castellania.

176 1124 276 1169 Rex
308 1137 496 1184 quoque
528 1121 753 1168 Henricus
784 1126 830 1168 et
864 1120 1153 1170 Ber-trandus
1185 1121 1244 1169 de
1282 1122 1526 1186 Glaiquino

108 1197 397 1263 collegerunt
409 1199 666 1246 exercitum
681 1215 824 1262 quem
843 1199 968 1247 idem
985 1198 1083 1246 dux
1097 1199 1367 1264 Andegavie
1387 1200 1525 1247 habe-

110 1274 206 1333 bat,
233 1275 421 1339 quando
448 1275 644 1323 faciebat
666 1292 887 1340 guerram
921 1281 1083 1323 contra
1111 1276 1284 1324 dictam
1313 1276 1525 1341 reginam

110 1358 155 1399 et
184 1352 399 1400 abierunt
424 1352 471 1399 in
497 1352 818 1416 Hispaniam33
852 1359 898 1400 et
932 1352 1158 1401 abeuntes
1183 1353 1428 1418 Burgenis,
1457 1353 1523 1401 ibi

108 1429 334 1477 Henricus
359 1436 577 1493 receptus
608 1435 679 1477 est
710 1435 933 1493 tanquam
958 1430 1086 1486 rex4,
1117 1430 1216 1477 sine
1242 1430 1420 1478 assultu
1447 1430 1521 1478 vel

109 1506 494 1564 contradictione,
525 1523 577 1554 ac
603 1506 849 1570 parimodo
870 1506 1044 1554 factum
1069 1512 1140 1554 est
1165 1507 1206 1553 ei
1233 1506 1279 1553 in
1305 1506 1520 1570 pluribus

108 1582 228 1630 villis
265 1583 386 1630 illius
422 1584 577 1648 regni,
617 1585 1008 1648 congregatisque
1049 1583 1229 1640 multis,
1266 1583 1378 1631 abiit
1413 1589 1519 1631 ante

106 1658 274 1707 urbem
297 1658 441 1707 Toleti
467 1666 515 1707 et
537 1659 725 1707 obsedit
749 1675 872 1707 eam.

105 1832 224 1879 Luce,
244 1839 271 1870 1.
290 1833 380 1881 VII,
402 1845 438 1882 p.
461 1845 549 1880 xxv,
570 1839 682 1870 notes
703 1836 719 1871 1
739 1839 776 1870 et
797 1834 831 1871 2.
849 1834 911 1871 Du
933 1834 1119 1871 Guesclin
1139 1834 1195 1870 fut
1216 1834 1289 1870 mis
1311 1845 1359 1870 en
1380 1833 1516 1871 liberte

104 1892 127 1928 'a
145 1892 367 1939 Bordeaux,
388 1894 423 1929 16
444 1893 487 1929 <27
509 1893 714 1930 decembre
737 1893 842 1929 1367.

153 1958 185 1993 1.
209 1957 270 1992 Du
291 1957 478 1993 Guesclin
499 1957 673 2005 assie'gea
692 1956 890 1993 Tarascon
916 1957 965 1992 du
993 1958 1014 1992 4
1042 1968 1146 1993 mars
1174 1968 1222 1993 au
1249 1956 1292 1993 22
1320 1956 1398 1992 mai
1425 1957 1514 1993 1368

103 2027 153 2052 au
172 2016 258 2063 plus
278 2015 363 2051 tard
384 2017 508 2061 (Ibat,
530 2027 565 2063 p.
587 2027 687 2061 xxm,
710 2021 801 2052 note
826 2017 859 2061 1,
888 2020 925 2052 et
950 2007 1066 2051 Etude
1091 2026 1159 2051 sur
1186 2018 1222 2052 la
1248 2017 1304 2051 vie
1332 2016 1516 2052 d'Arnoul

102 2074 359 2119 d'Audrehem,
382 2087 417 2122 p.
442 2076 534 2120 183).
558 2076 590 2111 Ι1
616 2076 682 2124 n'y
702 2081 766 2111 eut
791 2086 859 2122 pas
880 2075 1057 2112 d'accord
1078 2080 1187 2111 entre
1208 2075 1325 2111 Louis
1346 2074 1515 2122 d’Anj0u

103 2137 140 2168 61
161 2132 197 2168 la
218 2133 325 2170 reine
346 2133 391 2170 de
415 2133 532 2170 Sicile
554 2139 671 2170 avant
691 2134 726 2170 le
747 2133 845 2169 mois
866 2132 1000 2169 d'avril
1024 2133 1126 2169 1371.
1149 2133 1202 2168 Le
1231 2132 1334 2180 siege
1363 2132 1515 2169 d’Arles

102 2190 198 2227 dura
223 2191 273 2228 du
302 2193 341 2228 11
366 2192 463 2228 avril
491 2204 539 2228 au
567 2194 620 2228 1er
645 2192 723 2229 mai
757 2192 930 2238 (Baluze,
962 2193 1041 2228 Vitae
1065 2194 1256 2238 Paparum
1285 2193 1515 2228 Avenionen-

100 2252 212 2294 sium,
235 2256 263 2288 t.
286 2251 338 2297 Π,
360 2263 396 2298 p.
421 2251 521 2298 773).

147 2316 182 2352 2.
207 2316 282 2352 Pas
309 2323 426 2353 avant
453 2317 487 2353 16
509 2317 551 2353 16
577 2317 656 2353 mai
678 2318 781 2354 1370.
806 2317 860 2354 Cf.
890 2318 924 2352 16
950 2319 1110 2354 Journal
1139 2318 1181 2352 de
1206 2318 1296 2353 Jean
1322 2318 1365 2353 Le
1391 2318 1509 2360 Fevre,

99 2375 226 2420 e'veque
245 2377 286 2411 de
306 2376 490 2419 Chartres,
516 2381 544 2412 1.
566 2375 598 2420 1,
620 2388 655 2423 p.
681 2376 738 2413 62.

147 2439 180 2475 3.
205 2439 255 2475 M.
278 2440 382 2476 Luce
405 2440 625 2486 (Froissart,
647 2446 673 2477 t.
697 2441 786 2486 VII,
811 2453 848 2488 p.
870 2452 973 2486 xxxv,
995 2445 1085 2476 note
1106 2440 1139 2487 2)
1161 2439 1297 2476 estime
1318 2439 1507 2487 qu’Henri

99 2508 147 2534 ne
168 2497 233 2534 dut
254 2505 385 2534 entrer
405 2509 454 2534 en
475 2499 653 2546 Espagne
675 2499 761 2546 qu'a
782 2499 818 2534 la
839 2499 892 2534 fin
917 2498 961 2534 de
991 2498 1205 2545 septembre
1227 2499 1318 2535 1368
1345 2510 1394 2534 au
1421 2499 1507 2545 plus

98 2558 165 2594 tot.
188 2557 262 2594 Les
291 2558 450 2594 Grandes
479 2559 702 2603 Chroniques
730 2563 770 2602 (1.
799 2558 867 2603 VI,
894 2570 931 2604 p.
962 2558 1046 2600 248)
1075 2558 1229 2595 avaient
1263 2557 1347 2605 deja
1379 2557 1507 2593 donne

97 2628 174 2653 une
195 2616 281 2653 date
301 2617 387 2664 plus
408 2617 557 2664 precise
581 2630 587 2652 :
612 2617 646 2654 16
667 2617 710 2653 27
734 2617 966 2664 septembre.

144 2682 179 2718 4.
202 2682 254 2718 Le
281 2681 301 2718 6
331 2681 556 2728 novembre,
577 2681 701 2717 Henri
727 2681 820 2718 etait
849 2681 934 2728 deja.
961 2682 1099 2718 maitre
1129 2682 1174 2719 de
1202 2682 1355 2729 Burgos
1387 2682 1506 2727 abiel„

99 2752 135 2788 p.
157 2752 260 2787 xxm,
283 2747 372 2776 note
398 2742 443 2787 1).
