1923 3358
356 287 399 325 52
627 287 994 322 CHRONOGRAPHIA
1021 287 1173 318 REGUM
1199 286 1476 318 FRANCORUM.
1648 282 1752 329 [1338

354 378 459 419 rent
484 387 590 418 cum
611 386 722 432 rege
749 367 928 431 Anglie,
960 366 1194 413 ordinavit
1220 366 1498 430 magistrum
1522 369 1755 429 Raymon-

351 447 462 495 dum
491 445 686 501 Sacheti⁷
719 444 992 507 episcopum
1022 442 1351 496 Morinensem,
1382 448 1432 490 ut
1460 442 1549 489 iret
1575 442 1756 490 Ganda-

349 541 477 580 vum,
509 521 675 586 Brugis
707 526 753 568 et
786 524 1011 584 Yppram,
1044 526 1094 568 ut
1128 520 1390 584 requireret
1416 519 1482 567 eis
1515 518 1641 582 quod
1668 518 1756 566 sibi

346 601 644 664 alligarentur
669 603 715 646 et
743 597 869 661 quod
909 597 1113 659 quitaret
1145 596 1211 644 eis
1245 595 1400 643 omnia
1426 594 1627 652 vincula,
1655 594 1758 658 qui-

346 677 432 724 bus
464 675 551 739 ipsi
585 680 631 723 et
664 679 763 722 tota
797 673 1010 721 Flandria
1046 673 1172 738 ligati
1206 679 1338 720 erant
1364 689 1532 720 versus
1569 687 1674 719 eum
1709 676 1757 718 et

343 768 637 800 successores
669 767 795 807 suos,
834 754 1029 813 excepta
1062 749 1313 798 sentencia.
1350 748 1435 806 Qui
1468 764 1575 796 cum
1600 746 1755 795 venis-

343 827 522 889 sentin
555 825 841 881 Flandriam‚
881 824 1106 888 Flamingi
1142 825 1498 888 assignaverunt.
1534 823 1659 871 diem
1694 822 1752 870 ad

342 903 613 968 Messiqnes¹
643 909 694 951 ut
720 901 1062 966 responderent
1087 907 1304 965 requeste
1330 900 1474 965 regis.

406 981 604 1030 ,Iacobus
630 986 785 1028 autem
811 979 869 1026 de
894 978 1125 1025 Artevella
1154 994 1259 1025 cum
1286 978 1380 1025 suis
1407 977 1522 1024 albis
1549 975 1752 1040 capuciis

341 1057 452 1105 abiit
477 1057 660 1122 Brugis‚
691 1056 964 1119 pulsataque
997 1070 1238 1117 campana,
1269 1053 1679 1118 Brugensibusque
1705 1053 1750 1099 in

342 1134 445 1181 falla
466 1133 777 1198 congregatis,
803 1133 1013 1179 hortatus
1034 1136 1105 1177 est
1126 1148 1206 1178 eos
1227 1148 1312 1178 suo
1337 1131 1414 1178 fini
1440 1130 1748 1183 contendere3

341 1228 596 1274 omnesque
624 1211 896 1275 juraverunt
931 1208 1018 1255 sibi
1051 1207 1244 1255 obedire
1275 1207 1322 1255 in
1352 1208 1586 1264 omnibus,
1618 1207 1752 1255 durn-

340 1288 482 1335 modo
496 1287 796 1334 marcimonie
813 1290 1005 1349 possent
1022 1284 1190 1332 adduci
1208 1285 1252 1330 in
1269 1284 1552 1332 Flandriam.
1576 1288 1754 1347 Recep-

338 1362 398 1410 tis
417 1363 573 1426 itaque
593 1361 869 1426 juramentis
889 1366 936 1408 et
953 1360 1090 1407 donis
1117 1359 1293 1417 multis,
1317 1359 1457 1408 rediit
1477 1359 1751 1408 Gandavum

339 1445 384 1486 et
403 1439 510 1486 inde
531 1438 589 1486 ad
611 1438 824 1486 Beressiet
849 1454 992 1501 supra
1015 1438 1186 1494 Mare²‚
1211 1437 1290 1500 qui
1317 1443 1417 1484 erat
1439 1437 1571 1485 fortis
1592 1436 1746 1484 valde.

339 1516 566 1574 Quoniam
590 1531 704 1580 ergo
727 1515 788 1561 illi
811 1514 868 1562 de
888 1514 996 1560 villa
1022 1513 1269 1561 noluerunt
1294 1513 1379 1560 sibi
1406 1513 1615 1571 obedire,
1641 1529 1753 1560 con-

338 1593 541 1658 gregatis
573 1591 839 1655 quindecim
870 1590 1058 1638 milibus
1084 1590 1196 1638 viris
1229 1590 1286 1638 de
1319 1590 1538 1639 Gandavo
1565 1596 1611 1637 et
1644 1590 1752 1638 toti-

339 1669 446 1717 dem
484 1669 542 1716 de
581 1669 767 1733 Brugis,
804 1667 1000 1716 adduxit
1039 1684 1118 1715 eos
1155 1672 1260 1714 ante
1296 1667 1480 1723 villam3
1515 1673 1559 1715 et
1598 1667 1659 1714 illi
1693 1667 1752 1715 de

338 1747 445 1793 villa
477 1752 699 1793 exeuntes
733 1751 893 1792 contra
926 1762 1006 1793 eos
1039 1745 1097 1792 ad
1130 1746 1346 1808 prelium,
1381 1761 1544 1792 omnes
1579 1744 1752 1792 mortui

338 1823 410 1870 vel
448 1823 568 1886 capti
610 1828 732 1870 sunt.
773 1821 946 1869 Deinde
984 1821 1208 1886 Flamingi
1247 1822 1541 1869 intraverunt
1573 1821 1748 1878 villani,

338 1899 417 1947 ubi
443 1900 642 1947 inventis
668 1899 879 1947 ducentis
906 1898 1118 1946 soldariis
1145 1916 1203 1946 ex
1229 1905 1362 1963 parte
1389 1899 1590 1956 comitis,
1615 1898 1752 1946 dimi„

339 1983 500 2025 serunt
526 1993 606 2024 eos
633 1976 762 2024 abire
786 1976 1112 2024 tantummodo
1133 1993 1240 2024 cum
1260 1977 1461 2024 camisiis
1482 1976 1604 2033 suis;
1629 1975 1751 2024 occi-

340 2054 601 2117 deruntque
627 2053 729 2101 illos
755 2053 813 2102 de
838 2054 962 2110 villa,
987 2059 1032 2102 et
1057 2071 1110 2101 ea
1136 2054 1350 2102 incendio
1379 2060 1572 2112 vastata,
1599 2053 1751 2101 redie-

339 2138 450 2178 runt
476 2147 638 2179 omnes
664 2131 720 2178 ad
748 2131 958 2195 propria.

405 2208 707 2255 Postmodum
726 2209 925 2257 jacobus
945 2207 1003 2255 de
1024 2207 1287 2255 Arthevella
1315 2208 1439 2256 misit
1462 2208 1520 2256 ad
1543 2208 1749 2274 Berghes

341 2283 532 2329 fratrem
568 2300 704 2331 suum
737 2301 843 2332 cum
877 2284 1034 2331 multis
1069 2283 1469 2339 Gandavensibus,
1506 2285 1564 2333 ad
1596 2291 1751 2332 custo-

342 2359 559 2407 diendam
580 2360 755 2417 villa1n3
777 2361 860 2410 hec
877 2361 982 2408 villa
1003 2361 1264 2424 pertinebat
1284 2361 1566 2419 Edowardo,
1588 2361 1745 2410 comiti

391 2521 422 2555 1.
447 2519 651 2561 Messines,
674 2520 768 2555 dans
792 2521 1145 2557 l'arrondisscment
1168 2521 1344 2567 d'Ypres.

390 2580 423 2616 ἱ).
447 2580 499 2615 Le
520 2579 565 2615 ‘22
585 2579 682 2615 avril
705 2580 807 2625 1338,
835 2581 1002 2628 Jacques
1023 2580 1266 2617 d'Artemlde
1294 2592 1457 2628 proposa
1483 2592 1558 2618 aux
1587 2581 1750 2618 Gantois

344 2637 557 2685 d’attaquer
583 2638 616 2674 le
644 2638 806 2674 chasteau
834 2638 877 2674 de
906 2639 1101 2676 Biervliet.
1131 2639 1183 2675 Ils
1211 2650 1249 2674 se
1277 2639 1419 2676 mirent
1445 2651 1494 2676 en
1528 2640 1686 2676 marche
1715 2641 1749 2676 le

346 2696 589 2789 lendemain6
609 2697 754 2742 (Baron
780 2698 940 2745 Kervyn
970 2699 1015 2734 de
1044 2699 1298 2746 Lettenhove,
1327 2701 1482 2735 Histoire
1508 2700 1550 2734 de
1575 2700 1747 2745 Flandre,

346 2755 613 2801 t.11,p.1„ss
634 2761 667 2791 et
699 2756 794 2797 197.)
