1923 3358
140 274 245 321 1345]
410 277 780 311 CHRONOGRAPHIA
806 280 960 311 REGUM
984 279 1263 311 FRANCORUM.
1473 276 1540 312 ‘2¹15

67 419 71 424 ι
140 355 241 403 buit
279 355 492 404 soldariis
531 357 652 414 suis;
689 357 841 421 capud
867 363 1022 405 autem
1050 357 1149 421 ejus
1184 357 1228 403 in
1261 356 1363 404 foro
1389 357 1542 404 Blavie

138 433 370 496 amputari
393 433 546 498 jussit.

203 512 370 559 Comes
407 513 562 574 itaque
604 511 922 567 Herbicensis‚
964 511 1137 558 relictis
1177 510 1389 559 ducentis
1430 510 1544 558 viris

138 603 226 651 pro
252 586 462 634 custodia
489 586 595 633 ville
621 592 668 633 et
692 586 866 633 castelli
900 586 958 633 de
989 590 1163 650 Burgo,
1192 587 1305 633 abiit
1331 593 1376 634 et
1407 586 1545 633 obse-

138 664 207 711 dit
243 663 589 727 Brigeracum1.
629 663 843 710 Premisit
879 670 1035 710 tamen
1071 664 1298 711 ducentos
1332 665 1544 711 homines

141 757 382 788 armorum
403 757 507 787 cum
535 740 681 803 preda
704 740 907 786 maxima
931 756 1081 803 prope
1105 740 1284 797 villam;
1309 741 1371 787 illi
1388 747 1545 789 autem

137 818 196 865 de
217 817 340 873 villa,
365 816 573 880 predicta
601 817 1001 879 concupiscentes,
1025 817 1239 864 exierunt
1265 818 1394 879 quasi
1423 818 1546 865 mille

138 901 184 942 et
209 894 414 942 sexcenti
440 894 546 952 viri,
584 895 832 957 statimque
858 895 1033 959 Anglici
1070 911 1164 941 uno
1196 895 1373 958 impetu
1399 896 1547 942 irrue-

137 976 247 1018 runt
279 987 421 1033 super
452 988 532 1018 eos
565 977 612 1018 et
644 971 917 1018 occiderunt
952 987 1115 1018 omnes
1150 977 1309 1034 preter
1340 971 1548 1018 castella-

137 1063 250 1095 num
275 1048 354 1111 qui
381 1054 544 1111 captus
567 1054 638 1095 est
659 1048 810 1095 vivus.
842 1050 940 1105 Quo
961 1048 1098 1105 facto,
1123 1047 1301 1112 Anglici
1322 1053 1548 1111 ceperunt

137 1124 292 1172 villam
318 1131 365 1172 et
390 1125 648 1172 castellum.

202 1202 377 1250 Deinde
403 1218 560 1249 comes
587 1201 882 1250 Herbicensis
914 1201 1038 1248 misit
1065 1201 1283 1248 comitem
1310 1201 1545 1248 Arondelli

138 1296 243 1327 cum
272 1278 468 1343 vinginti
497 1278 681 1326 milibus
698 1278 812 1326 viris
831 1285 935 1326 ante
956 1281 1172 1327 Sanctam
1193 1278 1370 1326 Fidem.
1400 1282 1547 1326 Porro

136 1355 440 1419 Raymondus
475 1354 749 1402 Fouloaudi2
777 1371 883 1402 cum
913 1355 1127 1402 soldariis
1158 1361 1204 1402 et
1234 1355 1323 1401 illis
1356 1354 1414 1401 de
1440 1354 1547 1402 villa

138 1432 354 1479 exierunt
379 1438 424 1478 et
449 1437 779 1495 pugnaverunt
804 1437 966 1478 contra
990 1432 1091 1478 illos
1117 1437 1162 1478 et
1189 1430 1462 1478 occiderunt
1488 1448 1547 1477 ex

138 1511 205 1558 eis
240 1510 335 1557 fere
368 1517 602 1558 trecentos
635 1510 789 1565 viros;
834 1510 999 1572 reliqui
1038 1526 1153 1557 vero
1185 1511 1405 1574 fugerunt
1439 1515 1547 1556 ante

138 1588 447 1652 Agufflonem,
478 1587 605 1650 quod
633 1594 704 1635 est
729 1593 934 1634 castrum
961 1587 1286 1634 fortissimum.
1316 1587 1401 1644 Qui
1436 1602 1548 1633 vero

138 1672 270 1712 erant
296 1665 342 1711 in
369 1671 540 1722 castro,
571 1665 783 1712 videntes
804 1665 1020 1728 Anglicos
1046 1664 1301 1720 venientes,
1330 1663 1388 1710 de
1414 1668 1548 1710 nocte

138 1741 409 1790 occiderunt
435 1742 736 1790 castellanum
767 1748 813 1790 et
851 1742 1133 1806 quingentos
1168 1740 1397 1788 soldarios
1424 1739 1549 1804 regis

138 1817 329 1865 Francie
350 1835 404 1865 ac
422 1817 732 1866 reddiderunt
758 1834 808 1864 se
834 1817 1055 1881 Anglicis.

204 1897 369 1941 Postea
409 1911 566 1942 comes
604 1895 857 1951 Arundelli,
898 1893 1138 1941 destinatis
1175 1893 1239 1940 ibi
1281 1893 1547 1940 hominibus

139 1988 398 2027 armorum,
429 1971 540 2018 abiit
566 1971 624 2018 ad
651 1971 870 2018 comitem
903 1970 1234 2018 Herbicensem
1266 1975 1313 2016 et
1344 1970 1549 2016 narravit

140 2048 404 2111 captionem
432 2048 491 2095 de
517 2048 756 2111 Aguillone
783 2053 923 2109 atque
957 2045 1330 2109 deperditionem
1357 2062 1549 2094 suorum

140 2124 198 2171 ab
224 2124 310 2171 illis
336 2124 395 2171 de
421 2125 586 2171 Sancta
610 2123 737 2171 Fide.

205 2204 310 2248 Mox
336 2200 477 2264 igitur
503 2216 661 2247 comes
682 2198 994 2255 Herbicensis,
1025 2198 1319 2263 congregatis
1344 2199 1549 2263 Anglicis

140 2284 186 2326 et
202 2278 489 2328 Vasconibus
510 2277 556 2323 in
578 2293 742 2341 magna
760 2276 911 2340 copia,
932 2276 1016 2323 ivit
1029 2282 1134 2322 ante
1153 2278 1369 2323 Sanctam
1389 2276 1546 2323 Fidem

140 2361 186 2402 et
212 2354 396 2402 obsedit
422 2370 541 2400 eam.
573 2355 796 2401 Dominus
816 2360 969 2400 autem
998 2353 1298 2416 Raymondus
1317 2353 1415 2417 jam
1442 2370 1549 2418 per-

141 2437 327 2478 rexerat
354 2431 411 2478 ad
437 2447 598 2495 regem
615 2431 805 2477 Francie
830 2430 888 2478 ad
908 2429 1176 2477 habendum
1196 2430 1420 2478 auxilium
1438 2448 1548 2478 con-

190 2579 223 2613 1.
247 2576 442 2623 Bergerac
470 2576 710 2623 (Dordogne,
740 2576 937 2613 chef-lieu
971 2576 1347 2624 d’arrondissement)
1384 2578 1439 2614 fut
1471 2579 1548 2625 pris

143 2637 178 2673 le
197 2635 241 2672 24
263 2636 353 2670 aout
376 2634 464 2670 1345
487 2634 733 2682 (Bertrandy,
754 2629 869 2670 Ecucle
895 2647 961 2671 sur
982 2639 1029 2673 les
1055 2638 1271 2683 chrom'ques
1291 2639 1332 2673 de
1353 2639 1544 2682 Froz'ssarh,

142 2706 178 2742 p.
202 2694 246 2731 30
268 2693 290 2730 ἐι
312 2693 382 2738 39).

192 2753 227 2790 2.
252 2753 326 2788 Sur
347 2763 391 2789 ce
412 2763 518 2800 nom,
539 2754 619 2788 vide
639 2764 765 2798 supra7
791 2764 825 2800 p.
850 2753 929 2789 180.
