1923 3358
320 244 385 281 378
590 245 960 278 CHRONOGRAPHIA
986 244 1138 275 REGUM
1163 243 1441 276 FRANCORUM.
1612 242 1716 289 [1380

383 331 432 374 In
455 341 615 373 mense
635 324 751 388 junii
772 323 878 370 anni
897 321 1056 372 Miccci
1076 323 1369 387 octogesimi,
1393 322 1590 371 decessit
1608 327 1719 372 Ber-

319 402 511 450 trandus
533 401 592 448 de
616 400 881 464 Glaisquino
896 400 928 456 ¹,
953 399 1349 447 conestabularius
1369 400 1560 448 Francie
1579 417 1719 464 quem

317 480 513 527 multum
549 478 830 542 planxerunt
855 477 1017 524 Franci
1052 483 1098 524 et
1124 477 1366 540 potissime
1391 493 1476 524 rex
1501 477 1716 535 Karolus‚

318 555 536 617 quoniam
562 560 661 602 erat
688 554 760 601 vir
785 553 1013 601 industrie
1034 553 1244 601 militaris
1265 553 1716 617 experientissimus,

315 632 469 695 largus
499 637 545 678 et
575 631 821 678 munificus
846 631 925 694 qui
958 647 1155 695 regnum
1194 630 1383 678 Francie
1409 630 1716 688 deffenderat,

314 724 366 754 ac
393 707 800 771 acquisicionibus‚
831 724 948 770 quas
979 707 1156 771 Anglici
1189 723 1332 771 super
1357 706 1466 755 illud
1494 707 1716 764 fecerant,

313 785 511 831 multum
542 789 942 848 augmentaverat.
977 784 1059 831 Hic
1097 784 1219 847 jacet
1253 784 1299 830 in
1334 784 1526 831 ecclesia
1564 784 1721 831 Sancti

312 861 501 908 Dionisii
536 877 684 924 prope
719 861 927 925 reginam
969 877 1121 924 nuper
1155 861 1440 918 defunctam,
1479 860 1536 908 ad
1574 860 1718 924 pedes

314 938 552 1000 sepulture
587 954 726 1000 quam
769 938 894 985 idem
929 954 1013 984 rex
1047 954 1135 1001 pro
1177 954 1226 984 se
1267 944 1314 985 et
1352 937 1528 1000 prefata
1559 937 1720 1002 regina

314 1031 460 1062 uxore
490 1031 571 1062 sua
597 1015 804 1062 construi
830 1014 1027 1070 fecerat3
1058 1014 1124 1061 sic
1155 1014 1278 1062 enim
1304 1014 1362 1061 ad
1397 1014 1546 1079 majus
1572 1015 1720 1062 hono-

314 1108 414 1139 rem
441 1108 577 1140 suum
602 1091 726 1139 idem
754 1108 838 1139 rex
860 1091 1007 1139 voluit
1025 1091 1179 1155 ipsum
1201 1090 1449 1139 inhumari.

378 1298 423 1346 Si
455 1298 560 1361 quis
584 1303 740 1346 autem
771 1298 830 1346 de
861 1299 959 1362 ejus
985 1297 1210 1363 origine2‚
1242 1297 1446 1361 puericia
1469 1304 1516 1345 et
1540 1297 1720 1345 actibus

313 1375 590 1423 militaribus
622 1392 676 1423 ac
708 1383 859 1423 morte
887 1375 1102 1423 diffusius
1131 1375 1249 1423 scire
1276 1375 1478 1430 affectat,
1513 1374 1635 1439 legat
1659 1375 1720 1423 de

313 1451 489 1499 eisdem
520 1457 732 1514 excepta,
763 1451 838 1499 hic
863 1451 1330 1515 compendiosissime
1356 1451 1596 1515 inscripta,
1628 1468 1718 1514 que

312 1527 577 1574 immediate
598 1534 817 1576 secuntur
841 1529 945 1592 (sic)
973 1529 1017 1575 in
1045 1529 1166 1576 hunc
1186 1528 1397 1577 modum.

378 1605 662 1652 Bertrandus
703 1605 760 1652 de
803 1605 1046 1653 Guesclino
1086 1605 1172 1652 fuit
1217 1605 1336 1652 filius
1379 1603 1617 1669 Reginaldi
1660 1604 1719 1652 de

314 1681 575 1737 Guesclino,
600 1681 774 1737 militis,
802 1681 978 1728 domini
999 1681 1056 1728 de
1077 1684 1195 1728 Mota
1217 1681 1280 1728 du
1296 1685 1419 1728 Bron
1440 1681 1499 1728 ad
1520 1697 1602 1727 sex
1622 1680 1719 1727 leu-

314 1773 390 1803 cas
410 1757 468 1804 de
488 1757 692 1804 Redonis
714 1758 759 1804 in
780 1758 1015 1804 Britannia
1037 1763 1084 1804 et
1104 1757 1189 1804 fuit
1211 1763 1304 1804 tam
1325 1757 1550 1804 deformis
1569 1758 1718 1821 figure

313 1832 438 1896 quod
481 1840 614 1897 pater
648 1840 694 1881 et
728 1841 879 1881 mater
919 1834 1019 1897 ejus
1055 1834 1210 1897 ipsum
1251 1833 1360 1880 odio
1399 1833 1633 1880 habebant
1671 1834 1717 1880 in

308 1910 570 1973 juventute.
605 1910 800 1968 Quando
833 1916 988 1957 autem
1021 1910 1227 1973 quinque
1253 1926 1399 1957 annos
1430 1910 1504 1957 vel
1533 1910 1719 1958 circiter

316 2077 330 2095 (ι
354 2073 456 2107 cum,
485 2061 622 2097 electio
643 2061 792 2098 Urbani
819 2072 885 2107 pro
908 2061 1096 2097 canonica
1117 2067 1153 2097 et
1174 2060 1311 2097 electio
1333 2060 1543 2097 Clementis
1564 2072 1632 2108 pro
1653 2061 1718 2097 fri-

315 2133 329 2153 «
354 2121 440 2156 vola
463 2124 637 2166 reputata
657 2124 715 2155 est
738 2133 753 2152 »
780 2121 899 2164 abici„
923 2120 994 2156 col.
1019 2120 1113 2165 540).

361 2181 392 2215 4.
415 2180 470 2214 La.
496 2179 582 2215 date
612 2178 762 2214 donnae
792 2179 842 2214 ici
871 2184 929 2214 est
958 2179 1137 2215 inexacte
1167 2191 1174 2214 :
1203 2178 1252 2214 du
1282 2179 1468 2215 Guesclin
1498 2185 1654 2215 mourut
1683 2179 1716 2214 le

313 2238 355 2273 213
368 2238 493 2284 juillet
511 2238 599 2274 1380
616 2238 834 2282 (Froissart,
851 2237 909 2273 ed.
927 2238 1085 2285 Kervyn
1101 2238 1145 2273 de
1162 2239 1415 2283 Lettenhoxe,
1432 2244 1459 2274 t.
1477 2238 1552 2283 IX,
1566 2249 1601 2285 p.
1620 2238 1715 2278 c237).

313 2296 388 2331 Sur
408 2297 442 2331 le
462 2296 640 2331 tombeau
663 2296 708 2332 de
727 2296 776 2331 du
801 2296 987 2333 Guesclin
1008 2296 1030 2331 a
1051 2296 1322 2341 Saint-Denis,
1345 2296 1428 2333 voir
1449 2297 1482 2333 le
1503 2299 1663 2334 Bulcetm
1677 2299 1718 2332 da

313 2358 349 2390 la
369 2355 502 2390 Soc-erte
523 2357 563 2390 de
585 2357 770 2391 [Histoire
790 2358 831 2391 cle
851 2358 969 2399 Paris,
997 2357 1121 2391 annee
1144 2356 1248 2399 1886,
1271 2367 1306 2402 p.
1330 2355 1386 2391 31.

359 2414 393 2449 ⁵2.
417 2413 522 2450 Cette
549 2414 771 2460 liiographie
799 2414 845 2450 do
870 2414 919 2450 du
946 2414 1129 2451 Guesclin
1151 2421 1208 2450 est
1230 2426 1282 2450 un
1304 2415 1456 2451 resume
1476 2414 1521 2451 de
1542 2415 1579 2451 la
1602 2415 1718 2452 Chro-

315 2475 423 2517 nique
444 2475 484 2508 (Ic
506 2475 685 2508 Bertraml
707 2476 755 2508 du
784 2475 950 2511 Guesclin
976 2485 1043 2520 par
1063 2473 1254 2518 Cuvelier,
1282 2473 1404 2509 editae
1432 2485 1500 2520 par
1522 2474 1574 2509 M.
1596 2474 1716 2510 Char·

316 2532 410 2566 risu-0
425 2532 568 2578 pourla
586 2532 776 2568 &ouer-tion
795 2534 835 2568 cic
850 2535 1058 2569 docunwnts
1075 2534 1206 2568 inedits
1226 2544 1292 2568 sur
1307 2534 1484 2568 l'histoire
1504 2535 1544 2568 dc
1566 2535 1714 2569 France.

313 2591 372 2625 On
395 2601 416 2625 a
438 2591 553 2636 pense
569 2601 640 2637 que
658 2590 912 2627 l’annotation
928 2591 973 2627 de
989 2597 1089 2627 cette
1106 2592 1164 2627 vie
1181 2592 1303 2636 serait,
1320 2602 1414 2638 pour
1427 2591 1563 2638 partie,
1580 2591 1716 2628 double

315 2648 451 2693 emploi
481 2660 574 2685 avec
605 2649 698 2685 celle
728 2650 791 2696 qui
819 2662 840 2685 a.
870 2651 927 2685 fite
957 2650 1106 2696 redigoe
1135 2651 1218 2697 plus
1248 2651 1356 2696 haut,
1384 2656 1420 2686 et
1447 2662 1534 2697 que,
1562 2661 1656 2697 pour
1681 2650 1714 2685 lo

318 2712 430 2751 roste,
454 2707 477 2741 il
502 2708 663 2744 suffisait
684 2707 729 2743 de
751 2719 790 2743 se
814 2714 984 2755 reportet·
1004 2709 1025 2744 ἐι
1048 2710 1082 2745 la
1103 2720 1250 2746 source.
