1923 3358
126 271 229 318 1378]
398 274 769 307 CHRONOGRAPHIA
795 272 948 304 REGUM
973 271 1252 303 FRANCORUM.
1459 267 1526 302 357

128 373 148 399 <t
180 353 377 419 gardees
412 372 421 400 :
456 370 535 400 car
565 353 738 400 aultres
766 357 923 415 temps
950 351 1126 398 vendra
1159 351 1257 398 ains
1291 350 1401 414 qu’il
1440 351 1528 397 soit

127 449 146 474 (ς
176 430 279 477 lons
305 435 477 493 tamps,
501 435 547 476 et
564 428 770 491 escripse
790 433 986 475 souvent
1017 426 1256 474 Vexatuffl.
1287 446 1306 471 ι»

186 507 269 554 Hic
293 506 507 563 Rarolus,
543 522 628 552 rex
661 505 868 560 Francie,
898 504 957 551 ad
983 503 1311 552 deducendum
1336 519 1530 568 guerras

125 601 231 632 suas
262 590 423 632 contra
455 599 614 647 regem
648 582 811 646 Anglie
847 582 1044 629 instituit
1080 581 1224 629 multa
1261 580 1530 645 gravamina

125 676 266 722 super
286 659 516 722 populum
535 657 667 721 regni
695 657 809 704 sui2.

189 735 368 782 Scilicet
392 750 537 781 unum
565 732 825 780 subsidium
853 731 978 794 quod
1006 732 1175 779 dicitur
1201 733 1381 795 fouaqe,
1406 732 1533 795 quod

125 812 185 858 ita
205 811 469 858 institutum
497 816 567 857 est
595 809 720 872 quod
742 808 947 872 quelibet
967 808 1135 856 domus
1162 809 1208 855 in
1235 809 1382 872 patria
1409 825 1533 856 cam-

124 888 270 951 pestri
307 887 515 935 solvebat
551 886 639 933 sibi
673 885 793 933 duos
827 886 1013 933 francos
1049 886 1165 942 auri,
1201 903 1402 949 quorum
1437 885 1530 949 lxvj

123 964 351 1012 faciebant
385 980 607 1020 marcam,
643 969 690 1010 et
719 963 766 1010 in
801 963 936 1010 bonis
972 962 1090 1009 villis
1126 961 1331 1025 quelibet
1365 962 1533 1010 domus

128 1041 339 1089 solvebat
365 1047 567 1104 quatuor
593 1040 796 1088 francos.

189 1122 304 1165 Item
348 1117 560 1181 gabelam
605 1117 712 1164 salis
757 1116 815 1164 de
857 1133 951 1179 quo
996 1117 1061 1164 sal
1100 1117 1146 1163 in
1192 1122 1358 1179 quarta
1400 1121 1533 1179 parte

126 1195 277 1242 carius
303 1200 420 1241 erat.

190 1274 305 1319 Item
341 1271 540 1319 tercium
571 1270 804 1318 decimum
836 1270 1080 1318 denarium
1117 1270 1212 1317 vini
1247 1269 1373 1333 quod
1403 1274 1534 1317 extra

125 1349 327 1396 Parisius
353 1348 644 1395 vendebatur
669 1348 715 1394 in
739 1364 923 1412 grosso.

191 1428 307 1472 Item
340 1431 560 1488 quartum
592 1424 837 1472 denarium
873 1425 967 1471 vini
1003 1424 1128 1487 quod
1166 1429 1298 1471 extra
1332 1423 1534 1471 Parisius

127 1502 417 1549 vendebatur
442 1501 488 1548 in
515 1502 748 1558 tabernis;
777 1508 824 1549 et
850 1502 958 1565 quia
983 1503 1068 1549 hec
1094 1501 1296 1549 Parisius
1323 1518 1413 1548 non
1442 1502 1533 1548 sol-

127 1578 358 1627 vebantur
381 1596 472 1642 que
499 1578 621 1626 dicta
648 1585 772 1635 sunt,
803 1579 1073 1642 impositum
1102 1584 1172 1626 est
1193 1577 1398 1641 quodam
1428 1577 1531 1641 (sic)

127 1654 404 1711 subsidium,
436 1655 609 1702 scilicet
634 1672 721 1717 pro
747 1655 953 1718 qualibet
973 1654 1118 1701 cauda
1145 1653 1240 1700 vini
1267 1653 1326 1700 de
1346 1654 1536 1700 Francia

127 1749 218 1796 que
242 1732 445 1779 Parisius
472 1731 875 1787 introducebatur,
905 1748 990 1778 rex
1023 1730 1225 1778 habebat
1249 1730 1310 1794 xij
1341 1730 1532 1777 solidos.

125 1810 170 1858 Si
196 1815 352 1857 autem
385 1809 531 1856 cauda
563 1809 735 1856 iterum
766 1808 1074 1865 vendebatur,
1110 1808 1288 1855 tociens
1314 1808 1538 1870 quociens

126 1885 420 1933 vendebatur
445 1902 530 1932 rex
557 1885 758 1933 habebat
783 1885 843 1948 xij
879 1885 1070 1931 solidos.
1104 1887 1220 1930 Item
1247 1884 1304 1930 de
1331 1883 1537 1946 qualibet

128 1962 274 2010 cauda
304 1962 399 2008 vini
430 1962 490 2009 de
524 1962 793 2026 Burgundia
821 1961 982 2025 xxiiijor
1019 1960 1192 2007 solidos
1225 1965 1269 2008 et
1302 1960 1360 2007 de
1393 1960 1539 2008 cauda

129 2040 225 2087 vini
245 2039 303 2087 de
323 2038 586 2102 Verna[cia]
600 2040 616 2066 3
639 2038 783 2102 xxxvj
808 2037 998 2094 solidos,
1018 2037 1228 2084 similiter
1247 2037 1539 2100 reduplando

130 2116 353 2180 quociens
378 2115 723 2162 vendebantur.

194 2196 260 2240 De
284 2193 374 2239 hoc
398 2192 628 2239 reddebat
656 2191 736 2255 qui
762 2191 821 2238 ad
844 2191 932 2238 hoc
959 2195 1149 2254 ceperat
1174 2201 1232 2239 CM
1254 2190 1397 2239 libras
1417 2189 1541 2254 pari-

132 2271 353 2319 siensium
379 2270 438 2317 ad
466 2270 710 2318 utilitatem
737 2269 880 2333 regis.

180 2398 212 2434 1.
236 2398 280 2433 P.
304 2398 460 2434 Cochon
487 2397 614 2434 donne
644 2400 690 2444 (p.
724 2398 800 2442 152)
830 2397 1014 2444 quelques
1044 2397 1168 2444 lignes
1196 2397 1241 2434 de
1267 2398 1366 2445 plus,
1398 2398 1463 2446 qui
1493 2409 1542 2435 ne

131 2457 297 2503 figurent
328 2467 396 2503 pas
425 2456 475 2493 ici
505 2462 543 2492 et
574 2457 639 2504 qui
669 2456 883 2493 terminent
910 2456 946 2491 la
976 2456 1110 2500 lettre,
1139 2456 1230 2494 dont
1259 2458 1296 2493 la
1328 2457 1415 2494 date
1445 2463 1503 2494 est
1532 2470 1539 2492 :

132 2515 386 2561 Pampelune,
412 2516 464 2550 κΞΡ
485 2515 563 2551 mai
585 2516 688 2551 1378.

180 2574 214 2609 2.
237 2573 283 2609 Je
311 2584 360 2609 ne
386 2573 574 2609 donnerai
599 2584 667 2620 pas
697 2573 743 2609 de
772 2573 908 2609 details
939 2585 1004 2610 sur
1030 2574 1085 2610 les
1115 2574 1219 2611 aides
1244 2586 1332 2612 sous
1358 2576 1392 2611 le
1425 2576 1543 2622 regne

135 2632 180 2667 de
208 2631 369 2667 Charles
392 2631 437 2666 V.
464 2632 496 2667 Il
522 2632 656 2668 suffira
682 2632 727 2668 de
755 2632 835 2668 dire
862 2643 936 2679 que
963 2633 1017 2668 les
1039 2634 1375 2681 renseignements
1396 2635 1543 2671 four-nis

136 2690 187 2727 ici
203 2696 291 2726 sont
308 2691 480 2726 curieux.
500 2689 555 2726 Cf.
571 2683 686 2726 E'tude
702 2702 768 2726 sur
787 2694 822 2728 la
843 2695 897 2727 vz'e
917 2693 958 2728 de
977 2695 1067 2729 Jean
1088 2696 1118 2729 le
1137 2695 1302 2736 Mercier,
1324 2705 1359 2740 p.
1378 2694 1418 2729 14
1442 2693 1463 2728 ἐι
1484 2694 1541 2730 34.

193 2750 225 2785 3.
250 2749 281 2784 Il
304 2749 413 2795 s'agit.
435 2749 483 2785 du
506 2750 571 2785 vin
593 2750 638 2786 de
661 2750 878 2787 Grenachc.
