1923 3358
391 280 457 316 178
661 279 1029 313 CHRONOGRAPHIA
1056 278 1207 310 REGUM
1233 278 1512 312 FRANCORUM.
1683 275 1785 322 [1341

393 382 412 405 «
444 377 551 408 narn
576 375 683 407 cum
708 357 900 420 quidam
931 373 1017 404 rex
1048 359 1413 404 Sarraeenorum
1442 356 1567 404 dicto
1596 357 1788 405 soldano

391 458 409 481 «
443 437 550 484 fecit
573 450 810 499 guerram,
837 433 1130 496 patriamque
1157 433 1255 496 ejus
1281 432 1326 479 in
1354 438 1486 496 parte
1512 433 1785 490 combussit,

390 534 409 558 «
441 529 583 576 porro
610 510 830 558 soldanus
854 510 1097 573 requisivit
1116 509 1270 557 eidem
1298 509 1397 573 regi
1422 508 1549 573 quod
1576 509 1635 556 ab
1660 515 1790 556 utro-

388 609 407 634 «
437 606 528 652 que
553 604 717 636 eorum
736 604 856 636 unus
875 587 1016 634 homo
1037 586 1304 651 eligeretur,
1335 586 1413 650 qui
1440 585 1646 634 duellum
1664 602 1790 633 mor-

388 685 407 711 «
438 666 527 713 tale
568 665 775 713 facerent
812 670 857 713 et
892 664 973 728 qui
1006 664 1158 711 victus
1191 663 1331 711 fuerit
1366 680 1426 711 ex
1462 662 1576 721 illis,
1624 662 1791 711 reddat

387 764 407 788 (ι
438 743 570 791 alteri
589 759 819 806 expensas
836 748 880 790 et
897 741 1097 805 patriam
1114 741 1404 789 devastatam
1424 745 1628 804 reparet.
1654 741 1791 788 Cum-

387 841 406 865 «
438 837 529 884 que
556 820 888 867 concordatum
915 824 1037 866 esset
1063 817 1300 875 soldanus,
1329 834 1422 865 non
1447 817 1600 882 potuit
1624 817 1672 864 in
1693 821 1791 864 tota

386 917 406 943 «
438 903 564 946 terra
593 914 674 945 sua
701 914 759 944 ne
788 912 933 944 unum
965 896 1189 960 pugillem
1213 895 1422 960 reperire
1454 913 1463 942 :
1495 895 1554 943 de
1579 911 1674 958 quo
1696 910 1788 942 non

386 995 406 1020 <1
437 975 676 1023 modicum
699 974 991 1022 tristabatur.

449 1070 470 1096 c<
501 1055 558 1099 Et
600 1051 714 1098 dum
762 1050 1070 1097 meditaretur
1119 1048 1178 1096 de
1226 1049 1545 1113 perquirendo
1593 1048 1786 1113 pugillo,

385 1147 405 1172 c<
436 1132 723 1174 memoratus
760 1132 830 1173 est
861 1124 1103 1173 Christiani
1134 1141 1275 1188 quem
1308 1124 1484 1172 tamdiu
1513 1124 1561 1171 in
1593 1124 1791 1172 vinculis

386 1223 405 1248 «
436 1209 669 1252 tenuerat.
699 1202 930 1251 Mandavit
967 1207 1123 1249 autem
1157 1218 1289 1258 eum,
1327 1201 1520 1266 ejusque
1551 1201 1792 1249 obtutibus

387 1300 407 1326 c<
439 1297 595 1328 macer
620 1286 666 1327 et
684 1280 868 1343 palidus
894 1279 1077 1326 oblatus
1103 1283 1201 1334 est3
1230 1294 1430 1342 cumque
1457 1278 1791 1343 interrogasset

386 1377 406 1403 <x
438 1358 473 1405 si
498 1363 659 1405 contra
692 1373 837 1404 unum
864 1358 1171 1404 sarracenum
1196 1355 1394 1404 mortale
1419 1354 1626 1403 duellum
1651 1354 1792 1403 aude-

386 1454 405 1479 «
436 1441 508 1482 ret
529 1435 698 1492 facere,
721 1433 967 1498 respondit
987 1433 1028 1481 ei
1046 1432 1174 1496 quod
1195 1450 1287 1480 non
1305 1432 1581 1481 formidaret
1600 1437 1647 1480 et
1663 1432 1791 1496 quod

385 1532 406 1557 c<
438 1529 545 1560 eum
595 1511 849 1559 debellaret
889 1511 1042 1559 adhuc
1085 1511 1124 1558 si
1167 1510 1491 1574 quartenarius
1535 1515 1675 1558 esset.
1719 1507 1792 1556 Ad

386 1609 406 1634 (ι
434 1589 520 1636 hec
550 1588 696 1635 verba
729 1588 948 1636 soldanus
981 1588 1101 1635 letus
1136 1593 1182 1634 et
1212 1586 1470 1651 jocundus,
1503 1586 1641 1651 jussit
1683 1601 1791 1634 eum

386 1685 405 1711 <t
437 1666 653 1713 balneare
696 1670 743 1712 et
783 1665 823 1712 ei
868 1665 1212 1712 amministrare
1258 1664 1430 1711 cibaria
1468 1670 1513 1711 et
1552 1670 1692 1727 potus
1733 1663 1791 1710 de

387 1762 406 1787 «
438 1742 709 1790 melioribus
735 1758 826 1804 que
855 1747 1046 1805 possent
1078 1741 1301 1805 reperiri,
1338 1758 1423 1804 per
1450 1741 1660 1804 spacium
1685 1746 1791 1788 octo

386 1838 405 1863 «
438 1819 638 1866 dierum.
669 1820 876 1881 Cumque
898 1818 972 1865 die
994 1818 1133 1866 duelli
1153 1825 1360 1866 armatus
1380 1824 1611 1882 pugnaret
1629 1824 1792 1865 contra

386 1915 405 1939 «
437 1912 562 1952 eum,
586 1895 794 1942 vinctum
814 1894 998 1958 penitus
1019 1911 1125 1942 eum
1147 1894 1377 1951 reddidit;
1401 1910 1543 1957 quem
1570 1893 1791 1941 soldanus

386 2068 405 2093 (ι
438 2048 692 2112 purissimi,
714 2047 984 2111 dimisitque
1006 2064 1164 2095 secum
1183 2063 1348 2095 omnes
1369 2047 1655 2096 Christianos
1671 2063 1791 2111 quos

387 2144 406 2168 «
437 2125 483 2170 in
509 2141 656 2188 regno
682 2141 767 2172 suo
794 2124 1006 2188 captivos
1032 2124 1289 2172 detinebat.

452 2220 471 2244 c<
496 2204 550 2247 Et
567 2202 758 2248 veniens
775 2201 832 2249 ad
854 2201 1097 2248 introitum
1118 2201 1373 2249 Brittannie
1391 2201 1437 2248 in
1459 2200 1662 2264 quodam
1684 2200 1785 2264 (sie)

388 2295 408 2320 α
439 2281 660 2332 castrum,
691 2277 816 2324 misit
841 2277 1062 2325 nuncium
1082 2277 1141 2325 ad
1161 2277 1396 2325 ducissam
1418 2294 1616 2325 uxorem
1636 2293 1785 2333 suam,

389 2372 409 2397 c<
442 2352 520 2414 qui
566 2354 635 2399 sui
682 2353 932 2402 adventum
983 2354 1191 2401 innueret
1239 2354 1297 2401 ei.
1342 2354 1607 2417 Stupefacta
1650 2353 1791 2418 igitur

388 2448 407 2472 «
438 2428 625 2475 domina
651 2435 696 2475 et
723 2431 932 2492 penitens
958 2430 1016 2478 de
1049 2431 1136 2478 hoc
1163 2430 1290 2495 quod
1326 2431 1514 2487 fecerat,
1546 2430 1788 2494 requisivit

390 2525 408 2549 α
442 2505 548 2553 duci
573 2505 700 2567 quod
726 2524 888 2555 secure
916 2515 1076 2571 posset
1107 2509 1166 2556 ad
1200 2525 1307 2556 eum
1333 2508 1400 2555 ire
1426 2514 1471 2555 et
1500 2507 1674 2555 reverti
1705 2525 1714 2553 :
1744 2513 1790 2553 et

390 2601 410 2626 (ς
442 2581 538 2629 dux
565 2581 800 2630 admirans
823 2584 936 2646 quid
957 2585 1141 2632 fecisset
1163 2584 1323 2632 annuit
1350 2584 1410 2632 ei.
1441 2584 1634 2631 Domina
1660 2598 1790 2630 nam-

392 2677 411 2701 «
443 2675 533 2720 que
571 2658 793 2705 associata
827 2661 982 2708 comiti
1024 2661 1300 2709 Montisforti
1337 2661 1570 2718 Almarici,
1615 2676 1788 2723 sponso

392 2755 412 2779 α
444 2752 527 2782 suo
554 2741 600 2782 et
624 2735 836 2798 pluribus
862 2738 960 2785 aliis
996 2738 1274 2795 baronibus,
1313 2738 1473 2786 abiens
1507 2737 1566 2785 ad
1598 2737 1784 2794 ducem,
