1923 3358
144 266 246 312 1352]
413 269 782 302 GHRONOGRAPHIA
808 270 959 301 REGUM
984 268 1261 301 FRANGORUM.
1471 265 1535 301 251

141 351 250 396 Post
275 347 405 412 cujus
430 347 675 396 decessum
701 365 786 395 rex
811 347 972 396 statuit
995 347 1216 395 Karolum
1238 346 1297 395 de
1322 346 1539 410 Hispania

140 424 593 472 connestabularium
620 425 825 472 Francie.

205 502 285 550 His
321 502 536 558 diebus1‚
577 503 833 558 Johannes,
875 501 971 549 dux
1007 500 1324 549 Briswicensis
1362 506 1408 548 et
1445 499 1541 548 dux

139 579 412 636 Lincastrie,
469 578 720 635 Henricus,
768 578 1005 624 Franciam
1055 582 1292 640 petentes,
1341 576 1542 624 Parisius

140 659 452 710 accesserunt,
475 653 555 700 ubi
575 671 602 700 a
620 669 731 716 rege
750 653 956 701 Johanne
977 653 1219 716 magnifice
1239 653 1413 715 recepti
1436 657 1543 699 sunt

140 737 185 778 et
207 731 448 794 potissime
473 730 681 793 prefatus
702 729 798 776 dux
820 728 1089 786 Lincastrie,
1113 729 1185 776 cui
1204 729 1383 776 nobiles
1401 732 1543 776 Fran-

139 807 208 854 cie
233 822 455 871 magnum
479 806 660 854 vultum
680 805 892 853 fecerunt
912 810 958 852 et
978 805 1239 868 specialiter
1261 805 1539 862 Ludovicus,

139 899 297 931 comes
316 882 547 939 Flandrie,
576 882 653 945 qui
682 881 832 929 eidem
863 898 1053 945 semper
1077 882 1226 929 tenuit
1252 882 1538 929 societatem.

203 959 273 1006 Hii
312 959 511 1016 etenim,
548 959 662 1006 dum
700 965 856 1005 essent
895 958 943 1005 in
974 958 1160 1015 Prucia‚
1196 958 1543 1021 appellaverant

139 1051 259 1083 unus
270 1035 485 1090 alterum,
501 1034 741 1099 cujusdam
756 1033 1008 1081 voluntatis
1028 1034 1223 1088 motivo,
1239 1033 1297 1080 ad
1309 1033 1543 1097 singulare

139 1118 375 1160 certamen
401 1128 560 1159 coram
593 1127 705 1175 rege
731 1110 921 1158 Francie
939 1112 974 1157 2.
1004 1113 1150 1157 Porro
1175 1110 1304 1157 locus
1330 1109 1544 1156 certami-

139 1191 210 1237 nis
244 1197 407 1253 captus
437 1195 508 1236 est
538 1189 585 1235 in
618 1189 769 1251 platea
806 1188 957 1235 Sancti
993 1187 1209 1236 Germani
1245 1187 1303 1234 de
1338 1187 1484 1234 Pratis
1519 1204 1544 1233 a

140 1267 310 1316 Karolo
345 1267 404 1314 de
445 1266 680 1330 Hispania,
724 1265 1092 1313 conestabulario
1127 1265 1333 1313 Francie.
1369 1263 1544 1312 Deinde

140 1344 249 1392 dicti
276 1344 418 1392 duces
447 1343 493 1390 in
519 1343 752 1391 cathedris
778 1343 873 1390 suis
899 1342 1175 1407 juramentis
1207 1342 1357 1398 factis,
1387 1358 1545 1389 ascen-

140 1420 309 1468 derunt
329 1436 476 1483 equos
503 1436 612 1467 suos
634 1425 683 1467 ut
708 1424 963 1475 certarent;
992 1434 1192 1480 cumque
1214 1417 1365 1481 parati
1391 1423 1546 1465 essent

139 1514 259 1545 unus
285 1497 482 1544 alterum
507 1502 770 1561 percutere,
800 1496 1050 1543 clamatum
1075 1501 1145 1542 est
1177 1512 1236 1543 ex
1259 1500 1392 1558 parte
1422 1494 1546 1558 regis

139 1636 176 1667 et
206 1629 252 1666 de
278 1629 451 1676 Bourges
486 1643 502 1663 «
530 1639 603 1676 que
628 1629 823 1676 quondam
850 1629 1004 1665 fuerant
1030 1629 1181 1666 comitis
1207 1628 1310 1675 Augi
1340 1628 1543 1664 novissimi

143 1703 159 1724 «
181 1688 458 1726 constabularii
478 1688 642 1725 Francie
665 1694 702 1726 et
723 1701 795 1736 que
816 1689 927 1725 nohis
946 1694 1102 1735 propter
1123 1688 1287 1724 crimina
1307 1688 1386 1723 lese
1408 1688 1544 1734 majes-

143 1762 159 1782 «
180 1748 271 1785 tatis
297 1759 364 1795 per
389 1748 556 1784 eundem
579 1754 801 1795 perpetrata
826 1748 980 1784 fuerant
1009 1747 1221 1784 confiscata
1243 1760 1260 1781 υ
1289 1746 1419 1782 furent
1449 1746 1544 1782 don-

139 1808 232 1844 nees
253 1818 323 1854 par
342 1807 377 1843 le
398 1806 455 1843 roi
476 1818 524 1843 au
545 1807 618 1844 duc
639 1807 854 1844 d'Athenes
876 1807 1031 1852 (fevrier
1048 1807 1130 1843 1351
1159 1818 1197 1842 n.
1217 1810 1281 1852 st„
1302 1806 1422 1841 Arch.
1446 1811 1544 1847 nat„

138 1866 188 1902 JJ
209 1867 268 1913 80,
289 1866 351 1902 fol.
368 1866 438 1903 266
459 1874 506 1903 r0.
529 1866 586 1902 Cf.
604 1867 812 1912 Froissart,
830 1866 889 1902 ed.
908 1867 1027 1911 Luce,
1049 1871 1075 1901 t.
1092 1865 1161 1910 IV,
1185 1876 1221 1912 p.
1238 1877 1366 1909 xmm,
1389 1870 1479 1900 note
1496 1865 1541 1908 1).

141 1925 196 1960 La
217 1926 426 1970 Olzrom'que
446 1927 650 1961 normande
666 1928 712 1972 (p.
730 1926 786 1969 97)
804 1925 871 1961 fait
893 1930 1089 1961 remonter
1109 1925 1131 1960 a
1151 1924 1308 1960 Charles
1329 1923 1545 1970 d’Espagne

140 1983 177 2018 la
197 1983 492 2030 responsabilite
507 1983 552 2020 de
573 1984 820 2020 l’execution.
843 1984 903 2020 On
917 1988 1009 2030 peut
1029 1983 1180 2029 ajouter
1193 1982 1215 2017 a
1237 1992 1279 2018 ce
1300 1981 1545 2027 temoignage

141 2042 240 2078 celui
267 2041 381 2078 d’une
408 2042 522 2078 breve
551 2042 763 2089 chronique
791 2042 903 2086 (Bibl.
932 2048 1030 2089 nat„
1052 2041 1096 2077 fr.
1127 2041 1232 2086 5734,
1262 2040 1325 2077 fol.
1351 2040 1416 2076 108
1438 2048 1486 2086 r⁰‚
1508 2046 1545 2076 et

140 2101 184 2136 fr.
207 2101 336 2147 20145,
367 2101 429 2137 fol.
455 2103 493 2137 11
519 2102 568 2146 v0)
598 2101 676 2148 qui,
705 2112 754 2136 en
781 2102 933 2147 parlant
962 2101 1007 2136 de
1034 2105 1095 2136 cet
1121 2101 1368 2145 evenement,
1396 2099 1545 2135 affirme

140 2171 213 2207 que
233 2170 278 2196 ce
300 2172 314 2193 α
339 2159 378 2194 su
399 2170 467 2206 par
487 2159 649 2195 messire
670 2158 830 2194 Charles
850 2158 1081 2205 d'Espaigne
1104 2170 1119 2190 ))
1147 2157 1207 2204 (cf.
1232 2159 1440 2203 Chronique
1460 2168 1544 2193 nor-

139 2220 285 2261 mande,
309 2229 345 2265 p.
368 2218 452 2265 287,
474 2223 564 2254 note
586 2219 633 2264 1).

187 2279 220 2313 1.
243 2277 293 2313 Ce
319 2277 383 2324 qui
410 2277 501 2322 suit,
526 2277 707 2325 jusqu’au
734 2276 839 2324 siege
865 2276 910 2312 de
939 2275 1401 2323 Saint-Jean-d'Angely,
1429 2286 1477 2311 ne
1505 2285 1545 2312 se

138 2341 275 2372 trouve
295 2347 362 2383 pas
383 2336 479 2372 dans
501 2336 538 2372 la
561 2337 768 2382 Chronique
783 2337 1000 2377 normande‚
1018 2335 1097 2382 qui,
1119 2346 1167 2372 en
1189 2334 1397 2380 revanche,
1416 2334 1544 2382 ajoute

139 2399 245 2430 toute
265 2405 342 2431 une
365 2395 463 2430 serie
483 2394 528 2431 de
543 2394 631 2430 faits
653 2394 799 2432 relatifs
815 2405 891 2430 aux
911 2404 1069 2440 guerres
1090 2404 1140 2429 en
1161 2392 1314 2439 Poitou,
1331 2391 1544 2439 Saintonge

141 2457 177 2489 et
198 2452 409 2499 Bretagne.

187 2512 221 2547 ⁶2.
240 2511 291 2547 Ge
307 2511 394 2547 duel
408 2516 518 2548 entre
533 2512 646 2557 Jean,
663 2511 737 2548 duc
751 2522 802 2548 en
816 2511 1065 2557 Brunswick,
1082 2515 1120 2547 et
1135 2511 1170 2547 le
1184 2510 1257 2547 duc
1272 2510 1318 2547 de
1332 2510 1544 2546 Lancastre

140 2569 268 2606 devait
301 2570 408 2605 avoir
439 2569 515 2606 lieu
546 2581 594 2605 au
627 2570 955 2606 Pte-aux—Glercs
988 2570 1022 2605 le
1054 2569 1074 2604 4
1103 2568 1305 2605 decembre
1336 2568 1440 2604 1352.
1472 2568 1545 2603 Les

140 2630 303 2666 Grandes
330 2629 554 2674 Chroniques
581 2634 622 2672 (t.
646 2629 714 2674 VI,
742 2640 778 2675 p.
801 2629 832 2675 6)
862 2629 1034 2665 donnent
1061 2639 1211 2665 comme
1237 2628 1352 2664 motis
1373 2627 1419 2663 de
1446 2632 1545 2663 cette

141 2692 347 2723 rencontre
369 2686 435 2722 des
459 2700 474 2720 «
496 2687 647 2733 paroles
668 2697 740 2733 que
763 2686 855 2723 ledit
875 2686 948 2723 duc
969 2686 1014 2722 de
1040 2686 1267 2723 Lenclastre
1289 2685 1416 2722 devoit
1437 2684 1544 2721 avoir

145 2758 159 2779 α
182 2745 279 2782 dites
300 2745 407 2782 dudit
427 2745 500 2782 duc
515 2745 560 2782 de
581 2745 754 2783 Bresvic.
779 2759 795 2780 »
823 2745 928 2783 Elles
950 2750 1037 2783 sont
1062 2746 1158 2782 dans
1187 2746 1221 2782 le
1243 2744 1337 2782 vrai.
1368 2743 1540 2789 Leihniz,
