1923 3358
153 250 371 296 1358-1359]
424 254 795 312 ῼΗΒΟΝΟΕΞΒΑΡΗΙΑ
821 256 974 288 REGUM
1000 255 1280 289 FRANCORUM.
1485 254 1552 291 285

149 331 415 379 Walerici1.
462 331 635 379 Deinde
684 338 898 395 tempore
942 333 1144 391 vernali,
1196 333 1347 381 dictus
1397 349 1554 381 comes

148 408 301 455 Sancti
327 408 478 456 Pauli2
499 415 545 456 et
570 409 826 457 avunculus
853 426 964 456 suus
988 410 1220 467 Morellus‚
1250 410 1470 458 dominus
1494 410 1552 457 de

144 483 357 542 Fiennes,
382 485 779 533 conestabularius
800 485 990 533 Francie
1015 486 1112 549 qui,
1138 486 1243 534 duci
1263 487 1551 535 Athenarum

143 559 296 606 occiso
334 560 381 606 in
418 560 539 607 bello
576 560 861 618 Pictavensi,
903 561 950 607 in
993 561 1146 608 officio
1186 562 1552 610 conestabularie

143 642 447 692 successerat,
479 652 584 682 cum
609 636 823 699 pluribus
852 636 952 683 aliis
984 637 1217 685 nobilibus
1242 644 1288 685 et
1313 655 1420 686 cum
1446 655 1552 703 pre-

142 711 234 758 fata
275 717 412 776 gente
449 711 686 759 communi
727 711 943 759 abierunt
984 718 1030 760 et
1070 713 1358 767 obsederunt
1394 715 1551 762 villam

143 788 297 835 Sancti
320 788 597 838 Wallerici3.
627 792 693 836 Eo
731 795 945 853 tempore
980 789 1218 853 Philippus
1254 790 1312 838 de
1344 795 1552 839 Navarra

141 864 443 929 congregavit
472 865 645 914 multos
671 865 884 913 homines
915 882 1157 914 armorum
1185 866 1243 914 ad
1275 884 1551 916 succurren-

140 940 252 988 dum
271 941 362 998 eis3
382 940 464 989 sed
483 947 731 1004 antequam
751 948 911 1006 posset
931 943 1108 1001 venire,
1129 943 1227 1007 jam
1247 943 1549 992 reddiderant

137 1018 378 1066 castellum
403 1024 449 1066 et
474 1025 766 1067 recesserant
789 1019 929 1067 salvis
952 1020 1232 1084 corporibus
1257 1027 1304 1068 et
1328 1021 1548 1070 omnibus

137 1111 228 1158 que
253 1095 502 1143 habebant.

201 1175 325 1219 Tunc
351 1173 588 1236 Philippus
609 1172 667 1220 de
687 1177 893 1221 Navarra
914 1173 1105 1221 intravit
1125 1174 1475 1224 Viromandiam
1502 1180 1549 1221 et

134 1248 402 1296 Arthesium
427 1255 473 1296 et
498 1249 572 1297 ille
598 1256 758 1313 partes
786 1250 1041 1314 depredate
1062 1256 1170 1297 sunt
1190 1267 1338 1314 usque
1362 1251 1549 1298 Dullen-

134 1324 281 1382 dium,
305 1342 358 1373 ac
382 1326 491 1374 inde
512 1327 715 1391 regressi
741 1333 873 1384 sunt;
903 1333 949 1374 et
973 1327 1136 1375 Franci
1162 1327 1242 1391 qui
1268 1327 1546 1375 obsidebant

135 1403 353 1449 Sanctum
385 1403 682 1452 Wallericum
718 1403 913 1451 insecuti
950 1409 1057 1451 sunt
1093 1421 1174 1451 eos
1208 1421 1356 1467 usque
1396 1421 1547 1468 prope

134 1479 351 1526 Sanctum
395 1479 666 1537 Quintinum
712 1496 818 1528 cum
862 1481 1066 1528 maxima
1111 1481 1407 1529 multitudine
1424 1520 1435 1539 ,
1483 1481 1543 1530 ad

132 1555 386 1617 quamdam
418 1573 615 1620 parvam
642 1557 814 1615 villam,
845 1574 936 1621 que
968 1557 1138 1605 dicitur
1164 1557 1538 1622 Torigniacum4‚

177 1685 210 1720 1.
235 1684 790 1733 Saint-Valery-sur-Somme
823 1686 880 1722 fut
911 1686 989 1733 pris
1024 1697 1100 1722 aux
1132 1686 1318 1722 environs
1357 1686 1406 1722 du
1442 1686 1540 1723 mois

128 1740 322 1779 d'octobre
356 1743 459 1780 1358.
493 1744 550 1779 La
585 1745 793 1790 Chronique
825 1746 1032 1780 normannie
1067 1747 1120 1791 (p.
1158 1745 1241 1790 141)
1279 1744 1447 1781 attribue
1481 1750 1542 1781 cet

128 1800 271 1847 exploit
298 1801 320 1836 ὲ.
349 1801 541 1849 Regnaud
569 1801 614 1837 de
644 1802 912 1849 Braquemont
939 1808 976 1839 et
1003 1802 1224 1840 Guillaume
1253 1802 1478 1840 Boulenier.
1508 1803 1541 1839 Il

129 1864 186 1895 est
207 1860 388 1907 probable
409 1872 483 1908 que
504 1861 597 1897 c'est
619 1861 718 1897 ainsi
733 1862 825 1909 qu’il
845 1862 925 1898 faut
945 1862 1014 1897 lire
1036 1873 1079 1898 ce
1097 1862 1252 1898 dernier
1271 1873 1377 1909 nom,
1401 1867 1438 1899 et
1458 1873 1538 1899 non

127 1929 196 1965 pas
215 1921 415 1962 Boulemer,
441 1930 591 1956 comme
614 1920 706 1956 l’ont
727 1920 794 1956 fait
816 1920 871 1957 les
894 1920 1076 1957 editeurs.

174 1978 208 2014 2.
230 1978 330 2014 Jean
345 1978 392 2014 de
406 1977 575 2015 Venette
591 1989 640 2015 ne
660 1979 888 2016 mentionne
904 1991 972 2026 pas
994 1980 1031 2016 la
1050 1986 1136 2027 part
1151 1980 1252 2027 prise
1269 1991 1339 2027 par
1353 1980 1388 2016 le
1411 1985 1538 2017 comte

125 2037 171 2074 de
194 2037 392 2073 Saint-Pol
412 2037 433 2073 a
455 2044 554 2074 cette
582 2038 819 2084 expedition,
842 2038 934 2075 dont
961 2038 988 2074 il
1015 2038 1089 2074 fixe
1119 2039 1292 2086 l'epoque
1320 2050 1393 2086 peu
1425 2040 1538 2086 apres

126 2096 181 2133 les
201 2096 297 2133 fetes
318 2097 363 2133 de
382 2097 534 2144 Paques
560 2097 649 2133 1359
673 2098 892 2143 (Chronique
914 2100 1026 2134 latine
1052 2099 1095 2133 de
1124 2098 1336 2134 Guillaume
1361 2099 1402 2134 de
1431 2099 1536 2135 Nan-

125 2157 192 2200 92‘3,
216 2160 244 2192 t.
266 2155 318 2201 ΙΙ,
340 2167 376 2203 p.
400 2155 497 2202 282).

173 2215 206 2251 3.
229 2215 282 2251 Le
309 2214 413 2262 siege
438 2214 483 2251 de
511 2214 788 2262 Saint-Valery
809 2219 874 2251 eut
902 2215 1002 2250 donc
1030 2214 1107 2251 lieu
1137 2225 1211 2261 peu
1238 2216 1349 2261 apres
1383 2215 1535 2263 Paques

126 2272 232 2319 1359,
265 2273 508 2310 c’est-a-dire
539 2285 589 2310 au
620 2274 719 2310 mois
752 2273 885 2311 d'avril
920 2273 1139 2321 OEroissart,
1174 2273 1234 2311 ed.
1270 2274 1390 2321 Luce,
1419 2280 1448 2312 t.
1484 2274 1532 2322 V,

123 2343 161 2379 p.
183 2343 283 2378 XLIV,
305 2337 396 2369 note
418 2333 468 2378 6).

169 2392 204 2427 4.
225 2391 386 2438 D’apres
411 2392 511 2428 Jean
538 2392 583 2428 de
609 2392 777 2428 Venette
801 2393 1018 2437 (Chronique
1040 2394 1156 2428 latine
1180 2394 1221 2428 de
1250 2392 1463 2430 Guillaume
1490 2394 1531 2428 de

121 2451 274 2496 Ναηρίε,
297 2456 323 2486 t.
346 2450 396 2495 Π,
418 2462 453 2497 p.
476 2451 573 2497 283),
601 2451 775 2497 Philippo
803 2450 848 2486 de
874 2451 1048 2487 Navarre
1073 2461 1113 2486 se
1141 2452 1258 2487 serait
1287 2451 1372 2499 loge
1395 2451 1417 2486 ὲ.
1438 2453 1530 2487 Fra-

121 2513 268 2556 fayenes
300 2520 348 2546 ou
376 2512 595 2555 Mammas,
631 2522 724 2547 nom
756 2522 829 2557 que
861 2510 1038 2546 l'editeur
1064 2521 1086 2547 a
1111 2512 1272 2558 propose
1300 2511 1531 2547 d‘identifier

123 2579 216 2606 avec
250 2568 349 2605 celui
387 2569 431 2605 de
469 2569 714 2616 Fervacques
749 2568 910 2615 (Aisne,
951 2568 1282 2606 arrondissement
1317 2576 1353 2606 et
1387 2575 1531 2606 canton

121 2629 167 2666 de
196 2628 517 2675 Saint-Quentin,
545 2638 751 2664 commune
778 2627 824 2664 de
853 2627 1113 2674 Fonsomme)‚
1136 2629 1201 2676 qui
1227 2628 1422 2675 possedait
1451 2639 1529 2664 une

123 2687 269 2735 abbaye
290 2687 335 2722 de
352 2687 512 2723 femmes
533 2687 577 2724 de
597 2687 735 2723 l'ordre
755 2687 800 2723 de
822 2686 996 2723 Citeaux.
1014 2687 1069 2724 Ici
1090 2687 1116 2723 il
1132 2688 1242 2735 s'agit
1263 2687 1308 2723 de
1329 2687 1529 2734 Thorigny

124 2747 274 2794 (Aisne,
309 2746 639 2783 arrondissement
672 2746 717 2783 de
749 2746 1071 2795 Saint-Quentin,
1107 2754 1251 2784 canton
1283 2747 1333 2783 du
1366 2747 1527 2795 Catelet,
