1923 3358
387 244 452 281 198
664 245 1034 279 CHRONOGRAPHIA
1061 243 1214 276 REGUM
1238 243 1517 276 FRANCORUM.
1681 240 1788 287 [1342

383 335 544 377 contra
570 327 803 391 Anglieos.
832 329 951 374 Dum
977 340 1091 372 vero
1121 330 1399 389 pugnarent,
1429 325 1661 373 Robertus
1687 325 1785 390 [de]

382 405 596 455 Arthesio
636 420 743 452 cum
784 403 943 451 multis
979 401 1182 466 Anglieis
1222 401 1334 448 abiit
1375 417 1539 449 versus
1581 408 1786 465 portam,

381 484 653 544 intransque
679 497 766 544 per
790 495 912 538 eam,
942 479 1147 527 lucratus
1178 484 1249 526 est
1280 478 1531 525 civitatem.
1560 481 1617 525 Et
1641 479 1791 526 Brito-

381 575 464 606 nes
483 558 696 605 videntes
716 558 843 622 quod
863 574 955 604 non
976 562 1169 620 possent
1189 556 1362 603 intrare
1382 555 1618 603 civitatem
1638 572 1786 612 suam,

380 636 608 683 miserunt
633 634 759 698 apud
782 634 1032 682 Belvacum
1051 650 1194 697 supra
1213 635 1354 689 Mare,
1378 632 1614 689 Nannetis,
1638 632 1791 681 Redo-

380 713 452 761 nis
470 718 517 760 et
536 713 583 760 in
603 712 762 760 multis
780 712 893 760 locis
910 711 969 759 ad
986 710 1253 759 habendum
1272 726 1562 766 succursum,
1583 709 1647 757 ita
1663 709 1791 773 quod

379 790 427 837 in
469 789 725 838 crastinum
767 789 954 837 fuerunt
998 789 1104 852 plus
1148 804 1290 851 quam
1329 795 1427 835 xxm
1467 786 1711 835 hominum
1747 794 1793 834 et

381 866 718 915 commiserunt
752 866 952 930 prelium
988 881 1096 913 cum
1130 864 1333 929 Anglieis
1368 864 1446 928 qui
1483 869 1615 911 erant
1649 880 1793 928 super

382 944 623 1008 campos1.

446 1023 710 1085 Antequam
743 1036 858 1067 vero
892 1024 1177 1084 pugnarent,
1216 1018 1450 1066 Robertus
1484 1018 1542 1066 de
1577 1018 1793 1066 Arthesio

381 1099 494 1147 exiit
514 1098 573 1146 de
598 1098 785 1146 civitate
807 1114 861 1144 ae
887 1096 1107 1159 relinquit
1136 1094 1238 1159 (sic)
1269 1095 1315 1142 in
1341 1100 1479 1159 porta
1511 1096 1792 1160 quingentos

381 1176 615 1239 Anglicos,
641 1180 689 1222 ut
710 1179 871 1238 posset
898 1173 1071 1220 habere
1098 1172 1344 1220 introitum
1370 1172 1417 1219 in
1442 1173 1682 1237 ingressu3
1712 1174 1792 1236 qui

381 1257 537 1299 autem
558 1256 690 1298 erant
706 1251 752 1297 in
770 1250 954 1298 civitate
976 1265 1173 1297 unacum
1199 1249 1473 1297 mulieribus
1497 1249 1667 1312 quibus
1687 1256 1792 1298 ante

380 1333 706 1391 pepercerant,
729 1327 967 1374 irruerunt
989 1326 1036 1372 in
1056 1325 1274 1390 Anglicos
1294 1325 1372 1389 qui
1398 1331 1727 1374 remanserunt
1747 1332 1793 1373 et

379 1405 650 1452 occiderunt
676 1421 773 1452 eos.

444 1482 621 1529 Bellum
655 1487 811 1529 autem
848 1481 1014 1528 initum
1047 1486 1117 1527 est
1148 1479 1271 1528 inter
1298 1479 1515 1545 Anglicos
1546 1485 1593 1528 et
1622 1496 1704 1528 eos
1734 1480 1792 1527 de

380 1565 513 1622 parte
539 1559 695 1607 Karoli
725 1559 972 1614 Blesensis,
1001 1557 1228 1620 multique
1253 1557 1432 1621 Anglici
1464 1557 1640 1605 ibidem
1665 1574 1793 1605 mor-

379 1636 446 1683 tui
481 1642 590 1683 sunt
624 1642 670 1683 et
703 1635 937 1683 Robertus
972 1634 1031 1682 de
1065 1635 1279 1681 Arthesio
1318 1635 1380 1681 ita
1417 1635 1687 1683 vulneratus
1722 1641 1793 1682 est

381 1712 509 1775 quod
543 1729 602 1759 ex
636 1718 746 1760 tunc
780 1728 873 1758 non
907 1712 1058 1775 potuit
1092 1727 1221 1758 arma
1254 1711 1437 1759 deferre
1475 1729 1483 1758 :
1520 1711 1790 1776 Anglieique

379 1788 598 1836 ferociter
623 1789 813 1852 repulsi,
844 1788 1043 1853 ingressi
1072 1794 1180 1836 sunt
1206 1788 1251 1835 in
1277 1788 1478 1835 tentoria
1504 1805 1613 1846 sua3
1643 1792 1791 1838 Vene-

379 1871 534 1913 tenses
560 1882 674 1912 vero
694 1882 800 1913 eum
821 1866 907 1912 illis
927 1866 985 1913 de
1007 1871 1139 1929 parte
1161 1883 1243 1913 sua
1263 1865 1465 1930 regressi
1487 1871 1595 1913 sunt
1613 1865 1658 1912 in
1680 1866 1791 1913 civi-

380 1948 540 1990 tatem.
563 1946 613 1989 In
635 1943 891 1990 crastinum
912 1948 1086 2000 autem,
1107 1943 1284 2007 Anglici
1303 1949 1597 1990 recesserunt
1617 1950 1665 1990 et
1683 1946 1791 1991 Jan—

379 2037 564 2078 nenses,
585 2021 821 2084 ceterique
843 2020 1031 2068 soldarii
1055 2020 1292 2069 redierunt
1320 2020 1380 2069 ad
1402 2021 1501 2069 loca
1525 2021 1611 2069 sibi
1636 2027 1791 2069 custo-

380 2097 454 2144 die
481 2097 721 2161 deputata.

378 2250 525 2286 donnes
540 2262 609 2298 par
628 2251 683 2287 les
700 2256 831 2289 autres
852 2251 1080 2288 documents
1102 2255 1139 2288 et
1160 2251 1224 2299 qui
1247 2257 1334 2288 sont
1354 2252 1552 2299 beaucoup
1573 2251 1658 2299 plus
1681 2252 1784 2289 vrai-

381 2309 627 2346 semblables.

428 2369 460 2403 1.
484 2367 592 2404 Cetfte
612 2369 767 2405 bataille
789 2380 829 2406 se
850 2369 947 2406 livra
968 2369 1300 2406 neeessairement
1321 2381 1397 2405 aux
1410 2375 1538 2417 portes
1551 2370 1598 2406 de
1611 2370 1784 2415 Vannes,

378 2424 539 2471 puisque
563 2425 707 2461 Robert
728 2424 898 2463 d'Artois
921 2427 1031 2463 sortit
1051 2427 1097 2463 de
1121 2432 1221 2464 cette
1242 2428 1350 2474 place
1371 2438 1467 2475 pour
1481 2440 1505 2476 y
1520 2428 1683 2475 prendre
1702 2434 1785 2474 part

379 2494 427 2519 uu
448 2489 620 2519 moment
647 2485 771 2521 meme
796 2486 845 2521 du
868 2486 1033 2522 combat.
1066 2487 1120 2522 La
1147 2488 1356 2532 Glironique
1383 2490 1588 2523 normande
1613 2488 1659 2534 (p.
1685 2487 1740 2526 56)
1764 2498 1786 2522 a

379 2542 477 2577 (lune
497 2546 573 2577 tort
594 2541 783 2588 d'appeler
804 2550 864 2580 cet
885 2552 1144 2592 engagement
1167 2558 1181 2578 «
1201 2546 1237 2581 la
1258 2545 1413 2581 bataille
1429 2545 1474 2581 de
1496 2546 1650 2582 Morles.
1669 2558 1685 2578 »
1707 2545 1736 2579 11
1761 2558 1783 2591 y

379 2605 444 2636 eut
464 2600 567 2645 bien,
587 2610 635 2635 en
658 2603 873 2647 septembre
899 2604 999 2649 1342,
1023 2615 1074 2639 un
1097 2604 1199 2651 siege
1220 2611 1258 2640 et
1278 2616 1354 2640 une
1374 2604 1528 2641 bataille
1550 2604 1595 2640 de
1620 2603 1783 2639 Morlaix

379 2659 577 2700 (chef-lieu
597 2659 963 2698 ‹l'arrondissement
987 2663 1037 2698 du
1068 2663 1286 2709 Finistere),
1314 2663 1412 2699 mais
1440 2663 1682 2700 ahsolument
1710 2662 1782 2698 dis—

380 2718 496 2754 tinets
510 2718 558 2754 du
581 2718 682 2765 siege.
703 2719 798 2754 etde
815 2720 849 2755 la
869 2720 1023 2757 bzttaille
1038 2722 1082 2758 de
1106 2722 1265 2759 Vannes
1287 2722 1378 2759 dont
1399 2723 1425 2758 il
1445 2727 1503 2758 est
1518 2721 1567 2758 ici
1589 2721 1778 2768 question.
