1923 3358
103 277 206 323 1356]
379 282 748 314 CHRONOGRAPHIA
776 283 928 314 REGUM
954 282 1233 314 FRANCORUM.
1439 278 1504 313 259

100 361 155 407 ad
195 362 559 425 expugnandum
597 363 698 409 illos
739 362 797 409 de
832 368 965 425 parte
1002 362 1126 425 regis
1160 364 1390 418 Navarre3
1425 362 1505 424 qui

98 437 231 484 duxit
257 455 415 485 seeum
441 439 503 502 ij
530 440 741 486 homines
771 455 1011 486 armorum
1042 455 1094 485 ao
1121 444 1354 485 trecentos
1384 439 1505 502 sagi-

99 514 241 561 tarios
262 515 341 577 qui
356 515 554 578 patriam
572 515 782 578 ejusdem
802 515 924 579 regis
946 518 1149 562 Navarre
1170 515 1499 579 depredarent.

136 593 277 657 ¹Cum
308 598 464 639 autem
495 592 879 655 regrederentur,
917 592 1195 640 Godefridus
1231 593 1288 640 de
1314 593 1503 640 Harieu-

96 667 164 714 ria
189 675 235 715 et
253 671 417 716 Petrus
445 668 504 715 de
529 668 798 716 Sacainvilla
823 685 929 715 cum
957 669 1051 715 suis
1076 669 1294 733 gentibus
1324 671 1499 734 agressi

95 748 205 791 sunt
224 760 305 791 eos
324 744 370 790 in
396 743 594 807 prelium
622 749 667 790 et
693 760 774 790 eos
800 743 984 807 penitus
1010 743 1284 792 devicerunt
1301 751 1347 793 et
1366 763 1502 809 oepe-

94 826 204 868 runt
228 819 446 867 eumdem
471 820 753 868 Almaricum
777 820 835 867 de
860 821 1106 878 Meulento,
1136 827 1182 869 et
1207 821 1321 869 alios
1342 823 1500 885 plures

92 898 295 944 Francos
322 895 593 945 oeciderunt
613 897 646 944 ¹.

156 976 266 1020 Post
301 973 413 1020 illud
440 973 629 1030 bellurn,
657 974 891 1022 Robertus
917 974 976 1022 de
1006 974 1300 1023 Claromonte
1326 981 1371 1022 et
1398 976 1501 1022 Bal-

91 1049 178 1097 bus
203 1050 261 1096 de
287 1050 492 1099 Villaniis
518 1050 733 1098 abierunt
758 1051 801 1098 in
824 1051 1020 1114 patriam
1049 1052 1498 1099 Constantiniensem

89 1143 196 1174 eum
221 1127 499 1191 octingentis
518 1127 785 1175 hominibus
802 1145 1042 1176 armorum
1069 1134 1115 1176 et
1139 1128 1497 1193 quadringentis

89 1204 354 1268 sagittariis,
385 1211 430 1251 et
452 1205 790 1253 commiserunt
816 1205 1016 1269 prelium
1041 1205 1100 1252 de
1119 1211 1255 1253 nocte
1272 1205 1498 1253 adversus

89 1284 319 1329 Navarros
344 1288 389 1329 et
421 1285 730 1339 Normannos,
762 1299 911 1346 prope
940 1283 1203 1330 clausuram
1235 1283 1498 1331 Constanti-

88 1358 314 1412 niensem.
333 1366 380 1406 et
393 1359 606 1406 vicerunt
621 1376 719 1407 eos.
740 1362 855 1406 Nam
869 1359 1042 1407 ibidem
1062 1359 1244 1407 occisus
1258 1366 1328 1407 est
1345 1360 1498 1409 Gode-

87 1435 236 1484 fridus
253 1436 312 1484 de
331 1436 570 1484 Haricuria
590 1442 634 1484 et
656 1437 728 1483 alii
752 1437 926 1500 plures,
952 1453 1058 1484 eum
1075 1437 1231 1484 multis
1252 1437 1492 1500 captivis2.

149 1513 322 1560 Eadem
351 1512 627 1576 septimana,
656 1530 741 1560 rex
766 1514 955 1561 Franoie
976 1514 1212 1562 Johannes
1229 1514 1295 1561 sic
1315 1515 1497 1562 insecu-

84 1595 159 1638 tus
185 1597 255 1639 est
280 1590 457 1638 dictum
483 1590 743 1654 prinoipem
769 1591 931 1640 Wallie
949 1592 966 1619 3
994 1591 1121 1654 quod
1146 1591 1354 1655 repperit
1388 1608 1494 1639 eum

133 1752 166 1787 1.
188 1751 243 1787 La.
262 1756 469 1788 rencontre
484 1755 550 1787 eut
570 1750 647 1787 lieu
668 1762 716 1788 au
732 1751 804 1799 gue
825 1750 871 1787 de
893 1751 1072 1799 Rupalay
1090 1752 1145 1798 (L.
1162 1751 1323 1799 Delisle,
1339 1763 1396 1798 op.
1413 1754 1490 1795 cit„

85 1821 122 1856 p.
143 1809 188 1846 90
209 1815 247 1846 et
267 1810 339 1856 91).

128 1869 163 1905 2.
186 1868 345 1907 Comme
372 1876 482 1906 notre
510 1875 629 1917 texte,
651 1869 827 1907 d‘accord
858 1881 952 1907 aveo
978 1870 1016 1906 la
1044 1870 1198 1907 version
1229 1870 1274 1908 de
1301 1872 1338 1906 la
1368 1871 1489 1907 Chro-

84 1928 199 1976 nique
219 1929 298 1965 dite
318 1929 531 1965 normande
551 1930 638 1976 qu'a
659 1929 781 1966 suivie
802 1930 854 1965 M.
878 1930 920 1965 L.
944 1928 1089 1966 Delisle
1111 1933 1179 1976 (op.
1203 1933 1279 1972 cit„
1302 1930 1489 1976 Preuves,

82 1998 118 2033 p.
141 1986 184 2023 93
209 1992 246 2022 et
265 1987 339 2032 94),
360 1986 446 2022 date
461 1998 503 2023 ce
519 1987 686 2033 eombat,
703 1989 751 2023 ou
766 1987 947 2023 Godefroi
967 1986 1199 2024 d’Harcourt
1219 1987 1343 2034 perdit
1365 1988 1400 2022 la
1414 1987 1489 2033 vie,

81 2045 128 2082 de
153 2046 191 2081 la
218 2045 389 2082 semaine
418 2046 545 2082 meme
567 2045 612 2082 de
640 2046 676 2081 la
695 2046 894 2092 poursuite
922 2046 987 2092 qui
1016 2045 1180 2092 preee'da
1206 2046 1243 2081 la
1268 2045 1425 2082 bataille
1445 2046 1490 2082 de

80 2104 260 2151 Poitiers‚
281 2104 309 2140 il
329 2104 409 2140 faut
424 2115 472 2140 en
488 2105 669 2141 conclure
697 2104 787 2151 qu'il
802 2104 857 2140 fut
872 2105 967 2140 livre
983 2104 1033 2140 du
1051 2106 1089 2140 11
1115 2115 1164 2140 au
1188 2105 1228 2140 18
1252 2105 1484 2151 septembre.

80 2162 113 2198 Il
141 2168 199 2199 est
226 2174 355 2199 connu
389 2175 479 2199 sous
506 2164 540 2199 16
570 2175 660 2199 nom
688 2163 733 2199 de
762 2168 968 2200 reneontre
994 2163 1039 2198 de
1071 2163 1407 2210 Saint-Clement‚
1439 2164 1487 2199 du

81 2233 173 2258 nom
199 2222 264 2259 des
290 2224 384 2270 gues
413 2222 478 2270 qui
504 2234 554 2258 en
574 2222 704 2259 furent
729 2223 764 2258 16
789 2223 953 2258 1116έ11Γ6.
978 2223 1052 2258 Les
1077 2224 1240 2259 Grandes
1262 2224 1488 2268 Chroniques

81 2282 120 2326 (t.
144 2282 214 2328 VI,
236 2294 272 2328 p.
295 2283 350 2327 44)
375 2293 423 2318 611
444 2282 565 2318 fixent
587 2282 758 2329 Pepoque
786 2293 834 2317 au
855 2282 954 2318 mois
975 2281 1019 2317 de
1040 2282 1266 2318 novembre.

128 2341 160 2377 3.
182 2341 297 2388 Jean,
318 2346 444 2378 comte
468 2341 512 2377 de
535 2341 685 2386 Poitou,
709 2341 774 2389 qui
795 2342 881 2388 plus
902 2341 987 2377 tard
1014 2341 1069 2376 fut
1091 2341 1157 2377 fait
1181 2341 1254 2378 duc
1276 2342 1321 2378 de
1345 2342 1485 2391 Berry,

80 2400 172 2436 etait
193 2400 293 2436 alors
314 2400 529 2437 lieutenant
550 2399 598 2435 du
621 2401 677 2436 roi
692 2411 761 2436 son
782 2401 872 2447 pere
897 2414 911 2434 «
935 2411 976 2435 es
997 2400 1078 2447 pais
1101 2411 1170 2447 par
1183 2400 1268 2436 dela
1289 2401 1325 2437 la
1347 2401 1486 2438 riviere

82 2472 98 2492 α
120 2458 164 2494 (16
185 2458 296 2495 Loire
317 2465 354 2495 et
374 2469 423 2494 en
443 2463 549 2495 toute
571 2460 608 2495 la
626 2458 870 2506 Languedoc.
891 2473 906 2492 »
930 2459 962 2494 11
983 2470 1134 2506 envoya
1154 2471 1207 2495 un
1229 2461 1386 2507 eeuyer‚
1409 2460 1484 2496 Oli-

78 2517 159 2553 vier
179 2516 225 2552 de
253 2516 515 2563 Royaumont,
539 2531 553 2550 t(
576 2517 629 2552 lui
656 2523 831 2563 quart...,
853 2528 894 2552 es
920 2517 1064 2563 parties
1094 2517 1140 2553 de
1171 2517 1344 2554 Limosin
1376 2524 1412 2554 et
1439 2517 1485 2553 de

79 2588 94 2610 a
118 2575 259 2627 Berry,
280 2586 377 2622 pour
404 2576 531 2612 savoir
555 2576 641 2622 plus
662 2582 923 2612 seeretement
948 2581 986 2611 et
1006 2575 1302 2613 veritablement
1329 2577 1364 2612 16
1391 2587 1485 2612 con-

82 2648 96 2668 «
120 2634 209 2671 vine
229 2634 279 2670 du
294 2634 428 2681 prince
449 2634 494 2671 de
515 2634 630 2670 Gales
645 2639 682 2671 et
703 2634 769 2670 des
784 2640 914 2671 autres
935 2635 1111 2671 ennemis
1125 2635 1171 2672 de
1187 2636 1482 2682 monseigneur;

82 2708 98 2726 «
120 2695 168 2731 οἱ]
195 2693 221 2728 11
247 2704 269 2729 a
298 2694 378 2729 este
402 2693 490 2740 jour
510 2698 548 2729 et
570 2693 655 2729 nuit
687 2693 995 2730 continuelment
1025 2694 1143 2731 douze
1167 2695 1276 2742 jours
1303 2706 1350 2731 ou
1373 2694 1483 2731 envi-

81 2767 95 2786 «
121 2763 190 2788 ron
211 2764 260 2788 en
281 2758 394 2799 grant
422 2753 517 2799 peril
538 2753 584 2789 de
604 2758 707 2789 mort
732 2760 769 2790 et
790 2765 851 2790 ses
875 2754 1152 2802 eompaignons
1180 2755 1201 2791 ὲ
1223 2766 1283 2791 ses
1304 2754 1482 2801 despenS,
