1923 3358
346 272 413 308 214
624 271 995 305 CHRONOGRAPHIA
1021 270 1174 302 REGUM
1198 270 1476 302 FRANGORUM.
1641 265 1747 312 [1345

344 355 503 403 habuit
534 371 542 400 :
587 351 803 399 videlicet
829 349 1142 406 Gusslelmum,
1171 349 1414 397 Albertum
1445 355 1492 396 et
1519 349 1748 412 quosdam

342 423 471 484 alios,
504 428 580 491 qui
605 443 768 475 omnes
794 427 952 474 vocari
978 443 1028 474 se
1054 426 1265 475 fecerunt
1290 426 1450 474 duces.
1478 429 1624 474 Porro
1651 426 1748 475 dux

343 506 610 555 Guillelmus
658 504 737 568 qui
788 503 1128 568 primogenitus
1184 503 1331 560 erat¹,
1392 510 1500 566 post
1547 508 1748 550 mortem

342 582 505 630 matris
537 598 637 638 sue,
667 581 820 629 eidem
852 581 898 627 in
930 581 1154 637 Hanonia,
1182 579 1440 637 Hollandia‚
1468 579 1679 628 Zelandia
1703 585 1750 627 et

342 659 508 707 ceteris
535 658 673 706 terris
699 658 798 723 ejus
824 658 1062 715 successit,
1092 657 1192 705 aliis
1218 657 1322 704 filiis
1352 657 1399 704 in
1424 656 1618 705 Bavaria
1638 672 1750 704 una-

340 753 446 784 cum
475 752 532 783 eo
565 735 624 783 de
652 741 845 799 paterna
880 734 1138 783 hereditate
1170 734 1411 798 portiones
1442 750 1550 781 suas
1575 732 1749 781 haben-

340 814 483 861 tibus.

404 894 469 938 Eo
497 895 609 938 tunc
634 889 812 954 Anglici
843 895 976 936 erant
1008 889 1054 936 in
1090 888 1332 946 Vasconia,
1373 887 1453 936 ubi
1485 887 1658 935 multos
1690 886 1749 934 de

339 966 557 1031 gentibus
579 966 674 1014 suis
694 965 813 1013 illius
830 965 979 1029 patrie
1000 971 1431 1029 congregaverunt;
1461 964 1749 1012 obsederunt

340 1049 496 1090 autem
527 1043 734 1090 Blaviam
767 1048 812 1089 et
843 1058 946 1089 earn
982 1048 1164 1105 septem
1199 1042 1564 1105 septimanarum
1599 1041 1750 1104 spatio

339 1120 781 1183 impugnaverunt2.
832 1123 943 1166 Erat
989 1120 1034 1165 in
1089 1119 1163 1166 illa
1215 1119 1407 1182 quidam
1453 1118 1745 1175 castellanus,

339 1196 526 1243 nomine
557 1196 660 1243 Milo
693 1196 751 1242 de
791 1196 1073 1259 Altaruppe,
1115 1194 1363 1259 burgensis
1398 1194 1640 1249 Tholose3‚
1680 1194 1751 1241 vir

338 1273 517 1335 probus
557 1279 601 1319 et
638 1278 880 1328 strenuus,
926 1272 1005 1336 qui
1045 1272 1202 1319 villam
1241 1271 1441 1319 fideliter
1477 1271 1745 1327 custodivit,

338 1349 606 1413 pluriesque
633 1349 776 1396 exivit
796 1355 957 1396 contra
984 1349 1201 1414 Anglicos
1233 1367 1242 1396 ε
1274 1349 1417 1396 semel
1444 1348 1569 1396 enim
1590 1364 1749 1413 egres-

337 1444 417 1474 sus
437 1433 508 1474 est
525 1443 668 1490 super
687 1443 785 1482 eos,
810 1444 835 1474 e
856 1427 1026 1490 quibus
1047 1426 1311 1491 quingentis
1334 1426 1500 1474 occisis
1520 1442 1627 1473 cum
1653 1431 1749 1473 tre-

338 1504 484 1552 centis
504 1504 701 1567 captivis
727 1521 973 1568 regressus
996 1510 1066 1551 est
1098 1504 1144 1550 in
1174 1504 1348 1551 villam.
1378 1503 1601 1551 Tamdem
1631 1519 1746 1550 vero

338 1583 563 1628 Henricus
582 1581 640 1628 de
659 1581 955 1638 Lenclastria‚
986 1597 1144 1628 comes
1169 1581 1482 1635 Herbicensis,
1504 1580 1748 1643 requisivit

337 1657 585 1705 castellano
611 1664 708 1705 tres
733 1674 919 1705 menses
945 1657 1252 1712 induciarum,
1286 1674 1401 1720 quas
1427 1656 1645 1704 obtinuit.

401 1738 456 1782 Et
479 1734 586 1781 inde
606 1735 830 1781 recedens
848 1734 961 1781 abiit
981 1741 1087 1782 ante
1111 1738 1318 1798 Burgum
1338 1740 1386 1781 et
1404 1733 1589 1781 obsedit
1606 1733 1713 1781 illud
1733 1752 1744 1790 3

335 1810 465 1874 cujus
485 1810 759 1858 castellanus
784 1811 994 1858 vendidit
1015 1817 1220 1858 castrum
1244 1810 1448 1875 Anglicis
1473 1817 1613 1874 atque
1639 1827 1746 1858 cum

335 1887 515 1951 magnis
544 1888 742 1935 tesauris
769 1888 979 1935 recessit.
1010 1888 1143 1946 Quod
1175 1904 1281 1935 cum
1307 1887 1514 1935 audisset
1539 1887 1747 1935 castella-

333 1980 419 2010 nus
446 1964 625 2021 Blavie,
660 1964 907 2011 confestim
940 1965 1177 2012 insecutus
1207 1971 1279 2012 est
1305 1981 1412 2011 eum
1438 1981 1545 2013 cum
1572 1964 1745 2012 ducen-

333 2040 391 2087 tis
416 2041 699 2098 hominibus,
736 2058 884 2105 eoque
911 2048 1118 2105 arrepto,
1148 2043 1421 2089 thesaurum
1453 2041 1552 2106 ejus
1587 2041 1745 2089 distri-

382 2210 412 2243 ¹1.
438 2208 671 2255 Marguerite
700 2215 767 2247 eut
798 2222 894 2257 pour
928 2210 1086 2246 heritier
1115 2210 1165 2246 du
1194 2210 1367 2246 Huinaut
1402 2221 1473 2246 son
1508 2209 1652 2247 second
1682 2210 1741 2246 fils

333 2266 573 2313 Guillaume3
591 2268 689 2304 mais
706 2269 865 2305 celui-ci
885 2269 1017 2306 devint
1039 2270 1102 2306 fou
1119 2270 1270 2306 l'annce
1291 2269 1483 2315 smmum,
1505 2275 1542 2306 et
1558 2280 1627 2306 son
1642 2269 1741 2306 frere

333 2325 443 2361 cadet
468 2325 617 2372 Albert,
639 2327 792 2364 d'abord
815 2329 948 2375 regent
969 2328 1018 2364 du
1040 2330 1180 2375 comte,
1203 2329 1327 2365 hei-ita.
1348 2329 1394 2365 de
1414 2328 1468 2365 lui
1488 2339 1538 2365 en
1560 2328 1664 2365 1389.

378 2385 412 2420 ⁶2.
437 2384 528 2420 MM.
554 2385 600 2420 A.
624 2392 659 2421 ct
681 2387 724 2422 E.
751 2387 931 2423 Molinier
951 2394 1017 2424 ont
1038 2388 1190 2424 montre
1206 2399 1278 2435 que
1301 2399 1344 2424 ce
1360 2388 1463 2434 siege
1479 2399 1527 2424 ne
1547 2392 1615 2435 put
1636 2398 1741 2423 assu-

333 2444 484 2479 remcnt
514 2454 580 2490 pas
610 2444 724 2481 durer
746 2452 829 2493 sept
856 2447 1050 2483 semaines
1079 2448 1305 2492 (chronique
1334 2449 1559 2492 normannie,
1590 2458 1625 2494 p.
1656 2446 1739 2491 265,

335 2507 424 2538 note
446 2502 495 2547 3).

382 2561 414 2597 3.
438 2559 526 2596 Ceci
548 2561 732 2598 confirme
755 2563 791 2599 la
812 2564 922 2612 locon
943 2564 1033 2601 d'un
1061 2565 1127 2601 des
1154 2565 1390 2602 manuscrits
1410 2564 1456 2601 de
1477 2565 1513 2600 la
1534 2565 1740 2609 Chronique

334 2620 538 2653 nor-mande
567 2621 611 2664 (p.
642 2619 701 2664 65,
724 2626 812 2656 noto
837 2623 865 2666 1)
894 2627 931 2658 et
952 2621 1017 2658 des
1043 2624 1245 2658 Anciennes
1271 2624 1489 2668 clm-oniques
1514 2624 1556 2658 de
1581 2623 1739 2658 Flandre

335 2679 456 2718 (Istum
482 2682 514 2713 et
540 2680 733 2722 cronz'ques
758 2681 798 2714 de
826 2682 1010 2722 flandras,
1035 2687 1062 2717 t.
1092 2681 1144 2727 ΙΙ,
1177 2693 1211 2728 p.
1243 2682 1293 2726 15)
1316 2682 1381 2729 qui
1402 2681 1530 2718 disent
1551 2680 1638 2717 bien
1660 2692 1731 2728 que

338 2734 425 2769 Mile
447 2734 729 2771 ‹l'Hauteroclie
751 2737 841 2771 etaim
862 2738 1064 2784 boin-genis
1085 2739 1129 2775 de
1151 2740 1357 2776 Toulouse.
