1923 3358
123 289 227 335 1339]
399 292 769 326 CHRONOGRAPHIA
794 292 947 325 REGUM
973 291 1251 323 FRANCORUM.
1480 288 1523 323 75

119 371 327 428 habeniS,
359 387 465 419 cum
490 389 515 419 a
541 371 836 419 multitudine
862 375 1275 435 persequerentur,
1303 369 1525 417 velociter

119 465 170 496 se
195 449 496 496 retrahebant
520 449 566 495 in
592 449 764 496 villam.

182 526 362 573 Accidit
384 532 541 573 autem
563 525 689 588 quod
710 524 756 571 in
776 524 963 571 castello
985 523 1109 571 dicto
1129 524 1188 571 de
1207 523 1374 572 Selles1
1398 523 1525 586 quod

118 602 290 649 civitati
322 602 518 657 inheret,
552 606 652 647 erat
683 600 875 662 quidam
906 600 1190 663 prepositus,
1221 600 1526 648 consobrinus

117 679 355 743 Flamingo
387 677 634 726 castellano
667 676 899 723 venditori
931 675 1120 723 domino
1147 678 1351 726 Waltero
1376 677 1526 742 Magni

117 755 288 802 castelli
323 754 382 801 de
416 753 544 801 Thun
576 753 815 816 Episcopi,
849 752 928 815 qui
963 769 1048 815 pre
1079 753 1348 800 confusione
1385 771 1527 818 quam

115 832 316 879 habebat
352 830 411 878 de
445 830 626 894 prefato
662 829 946 877 consobrino
983 846 1084 886 suo,
1119 831 1197 894 qui
1229 831 1291 877 ita
1323 832 1441 880 male
1476 849 1525 879 se

116 907 341 954 habuerat
359 912 410 953 ut
432 905 667 953 civitatem
690 905 915 969 proderet
934 906 1154 970 Anglicis,
1177 906 1400 954 diabolica
1419 924 1527 972 sug-

114 984 322 1048 gestione
348 983 525 1031 dictum
546 983 785 1031 castellum
805 982 1031 1040 vendidit,
1055 984 1250 1047 pecunia
1271 984 1521 1041 mediante,

115 1061 305 1108 domino
335 1061 392 1108 de
419 1061 713 1108 Falcomonte
740 1067 785 1107 et
810 1060 965 1107 taliter
991 1060 1117 1123 quod
1142 1060 1344 1124 quadam
1370 1068 1521 1119 nocte,

114 1137 247 1200 quasi
284 1137 331 1184 in
369 1137 524 1201 primo
568 1136 675 1201 galli
718 1143 878 1193 cantu,
923 1137 985 1183 uti
1024 1138 1329 1200 promiserat,
1372 1138 1525 1185 eidem

114 1214 306 1261 domino
338 1214 548 1278 ejusdem
579 1214 750 1261 castelli
783 1213 1029 1261 levaticum
1061 1220 1254 1277 pontem
1286 1215 1520 1279 deposuit,

113 1297 300 1355 portam
326 1291 510 1354 aperuit
533 1297 579 1338 et
605 1291 670 1338 sic
695 1291 868 1355 Anglos
901 1291 1179 1355 expectabat
1207 1292 1265 1339 ad
1291 1292 1524 1339 intromit-

113 1368 306 1415 tendum
327 1384 426 1425 eos,
453 1373 498 1415 et
525 1367 631 1415 inde
656 1384 742 1431 per
768 1384 1057 1431 consequens
1081 1368 1126 1414 in
1153 1368 1414 1424 civitatem3
1442 1369 1523 1416 sed

111 1461 200 1509 per
225 1444 500 1492 miraculum
526 1445 660 1491 beate
688 1445 906 1509 Virginis,
937 1445 982 1491 in
1010 1445 1140 1509 quus
1169 1445 1345 1493 honore
1371 1447 1525 1493 cathe-

114 1521 256 1568 dralis
283 1521 469 1568 basilica
491 1528 562 1568 est
582 1521 810 1577 dedicata,
835 1521 998 1568 eadem
1023 1522 1138 1568 hora
1165 1522 1374 1586 ejusdem
1400 1540 1525 1570 cam-

111 1615 230 1661 pane
264 1615 350 1662 per
382 1615 431 1645 se
466 1604 691 1662 ceperunt
725 1598 911 1661 pulsare
944 1603 1040 1645 tam
1072 1599 1224 1646 valide
1259 1600 1385 1662 quod
1419 1600 1524 1646 villa

112 1681 347 1723 commota
381 1681 452 1723 est
489 1681 535 1723 et
573 1675 767 1738 quilibet
802 1691 967 1723 versus
1005 1676 1243 1722 castellum
1282 1677 1441 1740 fugiit3
1479 1683 1525 1723 et

111 1752 376 1815 potissime,
419 1752 668 1817 episcopus
713 1752 793 1816 qui
837 1753 1034 1817 ipsemet
1077 1753 1232 1810 affuit,
1277 1754 1523 1802 levaticum

110 1834 304 1891 pontem
334 1829 523 1887 levavit,
553 1830 848 1893 prepositum
876 1830 999 1893 cepit
1022 1836 1067 1877 et
1093 1830 1140 1877 in
1166 1846 1402 1878 carcerem
1424 1835 1524 1878 tru-

110 1905 170 1953 sit
199 1923 208 1952 :
239 1911 286 1953 et
311 1906 377 1954 sic
406 1906 569 1955 civitas
600 1924 655 1954 eo
686 1913 798 1955 tunc
830 1907 1009 1955 meritis
1041 1907 1174 1955 beate
1201 1907 1402 1971 Virginis
1435 1907 1523 1955 sal-

113 1988 220 2030 vata
244 1985 362 2031 est2.

175 2063 334 2123 Itaque
357 2076 441 2107 rex
461 2060 640 2125 Anglie,
666 2061 815 2109 sciens
842 2061 969 2126 quod
995 2077 1078 2109 rex
1105 2060 1323 2108 Francie3
1350 2060 1521 2108 faceret

159 2234 192 2270 1.
214 2234 526 2283 Effectivement,
543 2237 666 2274 Selles
680 2243 739 2275 est
759 2238 854 2274 dans
875 2239 911 2275 la
933 2248 1138 2275 commune
1154 2236 1199 2273 de
1215 2236 1408 2283 Cambrai,
1425 2237 1517 2275 dont

111 2304 186 2329 une
201 2293 267 2329 des
282 2293 382 2331 deux
396 2301 525 2342 portes
540 2297 785 2345 principales,
801 2297 962 2333 fortifiee
978 2308 1046 2344 par
1059 2296 1240 2339 Vauban,
1256 2302 1363 2343 porte
1378 2307 1517 2334 encore

110 2352 145 2388 le
166 2363 257 2388 nom
277 2352 323 2389 de
343 2360 450 2400 porte
471 2354 517 2391 de
539 2355 656 2392 Seille
678 2367 726 2392 ou
747 2356 792 2392 de
816 2356 953 2392 Selles.
969 2356 1076 2392 Cette
1097 2360 1218 2402 porte,
1240 2355 1429 2391 defendue
1449 2367 1517 2403 par

110 2422 186 2446 une
208 2417 310 2448 sorte
337 2412 382 2448 de
409 2414 525 2459 petite
553 2414 729 2451 citadelle
756 2416 877 2451 situee
899 2415 921 2450 a
941 2415 1106 2462 l’oppose
1127 2415 1172 2451 de
1194 2416 1231 2451 la
1252 2415 1395 2462 grande
1420 2416 1516 2452 cita-

108 2469 207 2506 delle
228 2470 329 2507 batie
349 2483 418 2518 par
443 2472 756 2520 Charles-Quint,
779 2474 1007 2511 commande
1034 2474 1203 2511 l'Escaut
1224 2475 1245 2510 ἐι
1267 2486 1309 2511 sa.
1335 2475 1450 2512 sortie
1471 2475 1516 2511 de

110 2526 301 2564 Cambrai.

156 2587 190 2623 ⁶2.
213 2587 271 2624 De
298 2599 367 2625 nos
391 2589 498 2636 jours
526 2601 680 2635 encore,
709 2591 734 2626 il
760 2603 785 2638 y
812 2602 833 2627 a
859 2602 913 2626 un
931 2591 1150 2639 pelerinage
1176 2591 1197 2628 a
1224 2592 1404 2628 Cambrai
1428 2605 1442 2625 «
1468 2603 1512 2627 en

111 2658 128 2678 «
150 2645 356 2683 l’honneur
384 2647 429 2683 de
457 2648 724 2685 Notre-Dame
755 2649 800 2685 de
831 2649 968 2696 Grace,
998 2656 1186 2697 patronne
1216 2650 1265 2686 du
1295 2650 1448 2687 diocese
1478 2655 1516 2686 et

112 2717 127 2737 (ι
149 2706 379 2750 protectrice
401 2706 446 2742 de
467 2707 504 2743 la
526 2707 613 2743 cite.
641 2722 656 2741 »

156 2764 190 2801 3.
211 2765 265 2801 Le
296 2766 338 2802 15
369 2767 583 2815 septembre
615 2768 724 2814 1339,
754 2768 928 2815 philippe
963 2768 1008 2805 de
1034 2769 1168 2806 Valois
1203 2769 1295 2805 etait
1325 2779 1464 2805 encore
1494 2769 1515 2804 a
