1923 3358
354 273 395 308 94
617 272 985 306 GHRONOGRAPHIA
1017 271 1168 302 REGUM
1194 269 1472 302 FRANCORUM.
1643 267 1748 314 [1340

352 354 567 400 dominus
585 356 717 415 Hugo
737 351 909 405 Kieret‚
933 348 1217 396 admiraldus
1239 349 1448 396 marinus
1466 350 1589 413 regis
1608 353 1749 397 Fran-

351 431 435 486 cie,
461 426 756 492 congregavit
778 426 991 474 homines
1014 441 1252 472 armorum
1275 441 1382 472 cum
1406 425 1683 473 Barbavaria
1702 426 1747 472 in

349 506 448 569 iiij0r
472 504 667 551 navibus
692 508 739 550 et
760 503 981 566 applicuit
1006 503 1052 549 in
1078 507 1218 566 portu
1244 502 1518 558 Hantonie¹;
1546 519 1599 549 ac
1622 503 1750 550 inve-

348 586 517 627 nerunt
547 580 649 627 illos
678 580 736 627 de
764 580 871 627 villa
900 579 1084 626 fortiter
1111 578 1398 626 resistentes.
1432 578 1522 626 Sed
1551 582 1750 627 Jannen-

347 673 421 704 ses
443 656 596 704 taliter
620 656 827 721 aggressi
852 661 959 704 sunt
984 673 1082 710 eos,
1106 655 1232 718 quod
1257 654 1301 701 vi
1330 654 1568 719 pugnandi
1587 655 1750 703 lucrati

345 738 452 780 sunt
481 738 688 796 portum,
722 732 969 795 subitoque
999 731 1212 779 homines
1242 730 1487 778 admiraldi
1520 731 1750 780 subvene-

344 815 454 857 runt
484 809 550 857 eis
579 815 625 857 et
652 815 880 873 ceperunt
909 808 1111 856 villam2.
1142 807 1356 870 Repertis
1385 813 1541 855 autem
1569 808 1750 872 magnis

343 886 588 943 thesauris,
615 887 866 934 attulerunt
890 885 948 932 ad
978 901 1120 932 naves
1149 901 1272 932 suas.
1302 887 1359 931 Et
1379 884 1592 932 videntes
1622 883 1749 947 quod

344 962 520 1026 Anglici
546 969 845 1010 moverentur
869 967 1032 1009 contra
1057 962 1201 1025 ipsos,
1228 961 1383 1007 villam
1409 961 1749 1008 succenderunt

343 1038 437 1102 igni
458 1044 503 1086 et
522 1038 812 1087 intraverunt
832 1055 974 1086 naves
996 1055 1102 1085 suas
1122 1044 1167 1084 et
1186 1037 1401 1084 abierunt
1418 1037 1478 1084 ad
1498 1036 1750 1100 quamdam

342 1114 538 1162 insulam
571 1132 661 1178 que
693 1121 763 1163 est
796 1115 894 1179 regi
924 1114 1103 1179 Anglie,
1139 1114 1325 1161 nomine
1358 1114 1565 1170 Grenesi,
1601 1113 1679 1160 ubi
1712 1113 1750 1160 si

341 1190 454 1253 quid
481 1190 686 1253 primum
710 1196 1016 1246 remanserat,
1041 1206 1173 1236 more
1201 1189 1485 1236 locustarum
1507 1195 1750 1236 eraserunt

341 1271 386 1313 et
413 1266 478 1314 sic
502 1266 677 1314 reversi
703 1272 809 1313 sunt
836 1283 943 1314 cum
967 1266 1147 1330 magnis
1173 1265 1352 1329 spoliis.

405 1346 503 1391 Rex
522 1349 677 1390 autem
697 1343 859 1407 Anglie
879 1343 957 1406 qui
978 1349 1088 1390 tunc
1107 1349 1207 1390 erat
1227 1343 1273 1388 in
1293 1341 1532 1399 Gandavo‚
1557 1342 1749 1391 audiens

342 1418 467 1480 quod
494 1418 592 1482 ejus
618 1419 767 1482 patria
788 1419 1127 1476 devastaretur,
1154 1417 1272 1465 dixit
1297 1417 1470 1466 Jacobo
1495 1418 1554 1466 de
1583 1418 1749 1466 Arthe-

341 1494 457 1541 vella
474 1494 600 1558 quod
618 1511 706 1558 pro
726 1512 781 1543 eo
801 1495 1057 1543 custodiret
1076 1493 1337 1542 Flandriam
1354 1499 1400 1541 et
1416 1494 1543 1558 quod
1563 1494 1748 1541 dimite-

342 1570 421 1617 bat
440 1571 649 1635 reginam
674 1588 871 1619 uxorem
897 1588 1028 1619 suam
1055 1571 1141 1618 sub
1167 1570 1377 1618 custodia
1402 1571 1748 1635 Flamingorum

341 1651 387 1692 et
409 1646 742 1695 federatorum.
767 1647 940 1694 Deinde
960 1648 1152 1695 veniens
1174 1648 1379 1695 Scluzam
1399 1664 1506 1695 cum
1526 1653 1646 1696 ΧΧΧὃ
1665 1664 1748 1695 sex

340 1723 535 1770 navibus
555 1724 870 1771 transfretavit
884 1725 928 1770 in
945 1725 1173 1788 Angliam,
1191 1724 1270 1771 ubi
1282 1724 1592 1788 jocundanter
1609 1742 1635 1772 a
1652 1725 1748 1772 suis

338 1798 602 1847 hominibus
628 1807 844 1864 receptus
870 1807 958 1848 est.
984 1800 1159 1848 Deinde
1179 1800 1300 1848 facto
1321 1818 1490 1866 magno
1513 1801 1746 1865 colloquio

340 1875 589 1923 Londoniis
613 1892 721 1924 cum
743 1877 996 1925 baronibus
1022 1878 1135 1934 suis,
1166 1877 1271 1924 fecit
1297 1878 1535 1942 navigium
1562 1877 1748 1942 disponi

339 1951 398 1998 ad
424 1952 692 2001 intrandum
717 1970 844 2002 mare
872 1955 1291 2018 quotienscumque
1316 1955 1471 2003 vellet.

404 2031 619 2076 Preterea
646 2029 733 2077 hiis
758 2030 939 2088 diebus,
965 2047 1071 2078 cum
1097 2031 1310 2079 soldariis
1333 2032 1392 2079 de
1414 2032 1643 2079 Terascha
1667 2031 1746 2095 qui

340 2102 399 2149 de
430 2109 551 2151 terra
582 2106 803 2154 Johannis
829 2106 887 2154 de
917 2108 1121 2155 Hanonia
1152 2125 1262 2171 sepe
1292 2109 1462 2172 predas
1492 2108 1742 2166 ducebant,

341 2178 527 2226 soldarii
547 2180 604 2227 de
625 2184 871 2231 Cameraco
891 2191 1119 2232 venerunt
1138 2185 1196 2231 ad
1211 2185 1466 2234 Vrevinum
1485 2185 1607 2232 inter
1627 2201 1746 2248 quos

341 2262 474 2302 erant
509 2257 700 2305 comites
728 2261 1010 2318 Armaniaci,
1045 2261 1295 2317 Blesensis,
1332 2261 1741 2319 Autisiodorensis‚

341 2330 677 2393 Grandisprati,
705 2334 921 2383 dominus
950 2337 1208 2394 Couchiaci,
1240 2338 1447 2385 Galesius
1473 2338 1531 2385 de
1557 2341 1746 2385 Bamma

341 2407 561 2470 magister
580 2409 938 2470 balistariorum,
964 2414 1181 2462 dominus
1202 2414 1259 2461 de
1277 2414 1478 2463 Vrevino
1500 2430 1605 2462 cum
1625 2414 1744 2462 mul-

341 2484 399 2530 tis
425 2484 523 2532 aliis
548 2486 770 2534 militibus
795 2494 841 2535 et
866 2506 1033 2554 magna
1060 2491 1315 2553 quantitate
1340 2490 1668 2538 soldariorum.

404 2560 488 2617 Qui
530 2560 753 2608 abeuntes
798 2580 961 2613 versus
1007 2566 1273 2614 Chimacum
1309 2566 1368 2614 ad
1405 2565 1743 2614 devastandum

388 2689 421 2723 1.
445 2687 683 2726 G'cst-a't-dire
706 2690 1002 2739 Southampton.

389 2744 422 2780 2.
446 2745 651 2791 chronique
673 2750 889 2792 normantia,
912 2762 947 2795 p.
970 2751 1053 2798 251,
1075 2756 1163 2788 note
1185 2752 1219 2788 2.
