1923 3358
438 275 807 307 CHRONOGRAPHIA
834 274 985 305 REGUM
1011 273 1288 305 FRANCORUM.
1502 269 1568 305 385

168 370 306 400 sauro
333 353 510 401 domini
538 357 676 417 Pape.
710 356 765 401 Et
793 352 851 400 de
880 353 1001 399 facto
1026 351 1204 408 habuit,
1235 357 1281 398 et
1307 350 1497 398 recessit
1523 357 1568 397 et

165 430 408 477 Tholosam
437 431 597 487 adivit,
634 429 711 477 ubi
746 429 842 476 dux
868 428 1217 493 Andegavensis
1248 444 1416 492 magna
1446 427 1568 474 dona

165 507 231 554 eis
270 507 462 554 contulit
503 512 548 554 et
588 523 666 553 eas
703 522 790 568 per
826 505 1133 569 Arragoniam
1173 504 1447 561 destinavit,
1487 503 1563 551 ubi

164 586 326 631 Petrus
347 599 431 630 rex
451 582 748 646 supradictus
771 597 990 645 guerram
1012 580 1224 628 faciebat.
1249 583 1413 627 Petrus
1436 579 1568 643 fugiit

164 665 210 706 et
240 674 325 706 rex
356 657 613 722 Arragonie
646 674 878 705 summam
915 663 1101 704 centum
1140 657 1263 703 milia
1298 656 1566 704 francorum

164 735 293 782 dedit
318 736 401 783 eis.
428 734 731 791 Bertrandus,
755 734 982 782 Henricus
1004 734 1317 797 prenominati
1340 740 1386 781 et
1405 750 1567 781 omnes

162 813 427 877 supradicte
455 812 699 859 societates
738 829 828 875 que
861 811 1090 860 unasimul
1122 817 1233 859 tunc
1257 811 1487 858 vocabant
1516 828 1565 858 se

165 909 186 934 c<
217 889 370 936 albam
396 889 683 945 societatem,
721 908 741 932 ι)
772 889 1063 936 intraverunt
1089 889 1133 935 in
1158 888 1443 952 Hispaniam,
1468 888 1566 951 pri-

161 982 287 1013 mam
320 966 627 1013 munitionem
662 965 833 1013 dictam
870 965 1166 1030 Margueillon
1202 965 1355 1029 primo
1390 965 1565 1012 assultu

160 1048 411 1106 ceperunt3
440 1042 584 1089 altera
616 1041 690 1089 die
721 1058 806 1105 per
835 1041 1060 1089 assultum
1092 1047 1318 1105 ceperunt
1342 1041 1566 1089 Bituricas

158 1120 203 1166 in
231 1119 518 1183 Hispaniam.
548 1118 725 1166 Deinde
752 1118 837 1165 alia
868 1118 941 1165 die
972 1124 1196 1181 ceperunt
1228 1135 1313 1181 per
1338 1118 1565 1165 assultum

158 1196 316 1244 villam
342 1196 400 1243 de
430 1199 722 1259 Becuesque;
752 1195 882 1259 cujus
914 1196 980 1242 rei
1014 1212 1150 1243 causa
1182 1195 1276 1242 duo
1305 1194 1565 1260 burgenses

158 1273 280 1320 illius
315 1273 420 1320 ville
455 1272 670 1320 abierunt
704 1272 763 1319 acl
800 1288 956 1336 regem
990 1274 1180 1319 Petrum
1215 1278 1262 1319 et
1293 1272 1380 1319 sibi
1412 1276 1564 1318 totum

158 1350 284 1413 quod
306 1349 370 1397 ibi
389 1349 564 1397 factum
584 1356 655 1397 est
674 1349 956 1412 panderunt,
979 1349 1058 1411 qui
1084 1348 1193 1395 fecit
1218 1365 1298 1395 eos
1320 1348 1560 1411 suspendi.

157 1426 462 1474 Postmodum
494 1426 637 1473 altera
667 1426 794 1490 regia
824 1426 984 1473 civitas
1017 1425 1075 1472 de
1106 1425 1332 1489 Burgenis
1366 1426 1565 1471 Henrico

155 1510 202 1551 et
226 1503 485 1551 Bertrando
511 1503 791 1566 supradictis
818 1519 866 1549 se
897 1502 1118 1558 reddidit,
1151 1502 1310 1549 habito
1340 1501 1471 1564 prius
1500 1500 1558 1548 ad

155 1588 339 1644 partem
373 1581 564 1628 consilio
597 1580 655 1627 de
687 1580 905 1627 omnibus
939 1578 1226 1634 Christianis,
1265 1578 1472 1626 secundo
1504 1578 1563 1625 de

156 1658 372 1706 omnibus
402 1657 561 1706 Judeis
591 1663 636 1704 et
668 1657 811 1704 tercio
844 1657 902 1703 de
937 1656 1155 1703 omnibus
1190 1655 1455 1703 Sarracenis
1482 1654 1561 1717 qui

154 1752 318 1782 omnes
338 1736 514 1798 pariter
540 1734 947 1783 concordaverunt
973 1733 1101 1796 quod
1125 1733 1350 1780 Henricus
1369 1737 1415 1779 et
1441 1749 1562 1779 uxor

154 1812 252 1876 ejus
279 1819 433 1860 essent
459 1812 687 1876 Burgenis
707 1811 934 1868 coronati,
964 1809 1091 1873 quod
1112 1810 1286 1857 factum
1312 1815 1400 1856 est.
1426 1808 1561 1856 Simi-

154 1889 259 1936 liter
284 1889 346 1935 illi
371 1889 429 1936 de
456 1889 611 1935 Toleta
637 1888 944 1936 reddiderunt
970 1904 1019 1934 se
1045 1886 1124 1933 tali
1155 1892 1290 1949 pacto
1316 1885 1443 1948 quod
1473 1885 1561 1948 ipsi

153 1982 397 2013 remanere
423 1965 656 2012 debebant
676 1965 721 2010 in
748 1981 855 2011 suas
875 1964 1086 2026 antiquas
1103 1963 1340 2010 libertates
1366 1968 1411 2009 et
1438 1962 1558 2009 fran-

154 2043 305 2090 cisias.
329 2041 633 2090 Postmodum
660 2041 970 2088 reddiderunt
992 2057 1041 2087 se
1067 2039 1128 2086 illi
1158 2039 1215 2087 de
1235 2039 1421 2086 civitate
1450 2041 1561 2087 Cor-

155 2120 296 2176 duba,
326 2126 372 2166 et
404 2118 557 2167 Sibilia
584 2134 769 2182 magna,
802 2117 880 2164 ubi
907 2122 1041 2164 erant
1076 2116 1164 2162 tria
1193 2116 1435 2173 fortalicia,
1466 2116 1562 2179 pri-

155 2214 284 2244 mum
307 2196 697 2251 Christianorum,
730 2193 987 2243 secundum
1008 2193 1265 2241 Judeorum
1290 2199 1336 2240 et
1362 2192 1560 2241 tercium

154 2278 534 2329 Sarracenorum,
566 2290 614 2320 se
640 2271 861 2320 reddidit.
890 2274 1144 2318 Turrantus
1169 2276 1213 2317 et
1239 2269 1461 2318 Daniotus
1481 2270 1559 2332 qui

156 2350 255 2397 dire
282 2350 448 2398 mortis
466 2349 707 2396 tradentes
726 2348 850 2394 illam
873 2347 1043 2393 bonam
1069 2346 1278 2410 reginam
1305 2346 1561 2394 suffocave-

155 2433 277 2482 rant,
306 2427 421 2474 alter
440 2432 603 2474 contra
620 2425 817 2472 alterum
838 2423 1056 2470 atrociter
1078 2423 1124 2469 in
1150 2422 1303 2470 duello
1321 2439 1561 2486 pugnave-

154 2509 281 2560 runt,
311 2504 356 2550 in
383 2496 476 2566 quo
501 2502 729 2550 fulminati
749 2500 888 2548 ambo
914 2500 1145 2547 combusti
1173 2500 1344 2547 mortui
1367 2505 1492 2546 sunt.

220 2580 506 2628 Bertrandus
523 2586 569 2628 et
586 2596 736 2627 novus
755 2595 839 2626 rex
853 2577 1079 2624 Henricus
1094 2577 1262 2625 multas
1281 2576 1561 2624 munitiones

157 2658 253 2705 sine
272 2658 447 2706 assultu
467 2663 719 2721 ceperunt;
749 2659 912 2703 Petrus
934 2671 1048 2702 vero
1073 2654 1186 2702 abiit
1215 2654 1272 2701 ad
1299 2653 1560 2717 principem

302 2743 332 2775 11
1376 2735 1421 2773 25
