1923 3358
373 278 441 314 278
647 275 1021 309 CHRONOGRAPHIA
1047 274 1201 306 REGUM
1227 274 1506 306 FRANCORUM.
1672 272 1778 320 [1358

372 358 550 423 Anglici
583 357 660 420 qui
697 356 912 403 exierunt
944 360 1106 402 contra
1143 371 1224 401 eos
1255 361 1302 401 et
1329 354 1598 402 occiderunt
1630 372 1689 403 ex
1714 356 1781 404 eis

372 437 476 499 plus
526 450 668 498 quarn
717 432 1071 498 octingent0s13
1125 432 1268 479 ceteri
1322 448 1438 480 vero
1488 432 1625 480 celeri
1674 433 1781 499 fuga

371 512 572 577 regressi
601 516 726 559 sunt.

434 598 560 643 Tunc
584 594 763 642 reversi
795 599 903 642 sunt
935 610 1019 641 rex
1055 595 1261 640 Navarre
1292 592 1351 640 ad
1382 594 1602 640 Sanctum
1625 592 1781 640 Dioni-

370 672 490 719 sium
529 677 575 719 et
617 671 886 735 prepositus
930 676 1246 718 mercatorum
1289 669 1490 717 Parisius
1534 685 1642 717 cum
1685 670 1781 718 suis

368 748 637 796 hominibus
681 749 859 811 absque
905 748 993 795 hoc
1042 747 1169 810 quod
1219 746 1412 794 haberet
1456 746 1630 795 bellum
1673 763 1781 795 cum

369 825 599 890 Anglieis3
634 825 771 889 hujus
804 841 941 872 causa
969 824 1251 872 parisienses
1271 824 1498 872 adversus
1521 841 1628 872 eum
1654 841 1783 872 mur-

369 919 556 950 murare
592 908 841 965 ceperunt,
890 917 1090 964 eumque
1126 901 1405 949 traditorem
1443 907 1783 966 reputaverunt

369 996 475 1027 cum
500 979 719 1027 omnibus
746 979 804 1026 de
831 979 1024 1026 consilio
1051 995 1154 1026 suo.

438 1065 565 1110 Tunc
625 1063 816 1126 quidam
872 1062 1132 1125 burgenses
1187 1061 1388 1109 Parisius
1441 1061 1784 1110 mandaverunt

367 1140 547 1203 regenti
576 1146 628 1187 ut
654 1140 835 1186 veniret
867 1138 1069 1186 Parisius
1096 1145 1140 1185 et
1167 1145 1390 1201 tanquam
1419 1137 1636 1187 dominus
1666 1139 1783 1187 reei-

368 1222 586 1280 peretur3
615 1216 695 1279 qui
720 1215 894 1280 juravit
915 1215 1043 1278 quod
1074 1231 1313 1278 nunquam
1340 1215 1537 1262 intraret
1556 1215 1777 1270 parisius,

366 1293 554 1340 vivente
600 1292 841 1357 preposito
885 1298 1199 1340 mercatorum
1215 1331 1225 1349 ‚
1273 1309 1416 1356 super
1459 1309 1553 1355 quo
1597 1293 1784 1357 scripsit

367 1370 595 1432 quasdam
620 1369 799 1416 litteras
826 1369 1090 1416 communie
1117 1368 1361 1416 parisiensi
1395 1387 1404 1415 z
1436 1385 1639 1433 cumque
1665 1386 1780 1416 vero

367 1447 575 1510 ipsarum
599 1446 801 1510 portitor
821 1445 923 1510 (sie)
939 1447 957 1475 ²
979 1446 1173 1493 intraret
1192 1446 1410 1503 Par-isius,
1436 1446 1594 1493 statim
1615 1447 1783 1495 ductus

367 1530 437 1571 est
460 1523 520 1570 ad
548 1523 843 1586 prepositum
869 1528 1202 1579 mercatorum,
1233 1522 1313 1584 qui
1334 1521 1513 1569 litteras
1533 1523 1716 1585 aperuit
1736 1529 1782 1570 et

366 1617 451 1648 suo
478 1599 671 1647 oonsilio
699 1606 876 1646 secrete
904 1599 1126 1646 ostendit.
1156 1599 1283 1647 Multi
1308 1616 1495 1663 quoque
1523 1599 1783 1664 burgenses

365 1677 573 1740 ipsarum
596 1683 810 1723 tenorem
832 1676 1173 1739 requisierunt3
1203 1676 1286 1723 sed
1311 1676 1580 1739 prepositus
1606 1676 1673 1723 eis
1699 1694 1777 1724 os-

365 1754 559 1801 tendere
588 1753 750 1809 noluit‚
775 1769 919 1815 quare
946 1753 1149 1816 populus
1176 1752 1407 1800 dubitavit
1433 1753 1491 1800 de
1511 1753 1777 1802 traditione.

431 1840 559 1884 Tunc
576 1836 844 1900 prepositus
866 1841 1181 1883 mercatorum
1200 1835 1438 1882 mandavit
1455 1835 1556 1900 regi
1575 1839 1781 1883 Navarre

365 1913 492 1977 quod
514 1919 822 1977 congregaret
851 1929 962 1960 suos
990 1912 1204 1960 homines
1230 1919 1276 1959 et
1297 1912 1478 1959 veniret
1502 1913 1703 1960 Parisius
1723 1913 1782 1960 de

365 1997 500 2037 nocte
537 1997 582 2037 et
630 1989 756 2053 quod
800 1995 962 2053 portas
1008 1989 1095 2036 sibi
1141 1995 1354 2052 patentes
1397 1989 1645 2037 inveniret.
1697 1990 1781 2048 Qui

365 2066 657 2114 remandavit
692 2067 731 2113 ei
769 2065 896 2129 quod
924 2066 986 2112 ita
1018 2065 1237 2113 faceret3.
1274 2066 1510 2114 Mandavit
1545 2083 1658 2131 ergo
1687 2067 1781 2114 suis

414 2226 446 2259 1.
472 2237 486 2257 (ι
512 2224 559 2259 Et
586 2224 707 2260 tenoit
734 2224 809 2260 l'en
841 2229 1159 2260 communement
1187 2224 1278 2271 qu'il
1306 2236 1331 2272 y
1356 2224 1460 2261 avoit
1488 2224 1533 2261 de
1555 2235 1659 2261 mors
1688 2224 1780 2261 bien

368 2297 383 2316 «
406 2283 465 2318 six
493 2293 584 2319 cens
611 2294 659 2318 ou
686 2283 786 2330 plus,
808 2288 845 2319 et
869 2283 997 2320 furent
1026 2294 1190 2330 presque
1217 2288 1305 2319 tous
1336 2294 1431 2330 gens
1458 2283 1504 2319 de
1534 2284 1595 2331 pie
1617 2297 1633 2317 »
1657 2284 1776 2325 (Ihm,

364 2353 402 2389 p.
427 2342 520 2382 130).

411 2400 447 2436 2.
468 2400 500 2436 Il
523 2399 722 2447 s'appelait
747 2401 846 2437 Jean
868 2401 913 2437 de
940 2401 1148 2449 Besanqon
1174 2403 1329 2447 (Recueil
1357 2403 1399 2437 [Ie
1425 2404 1536 2446 pieces
1561 2407 1710 2438 servant
1735 2404 1777 2438 de

362 2471 512 2505 preuves
526 2470 603 2494 aum
617 2461 804 2496 Memoz‘res
819 2472 885 2496 sur
902 2463 948 2496 les
964 2462 1120 2497 troubles
1138 2463 1266 2497 eoeec'te's
1282 2472 1325 2496 en
1342 2463 1479 2497 France
1490 2471 1562 2507 par
1577 2461 1726 2498 Charles
1741 2463 1780 2498 II

365 2521 419 2554 dit
449 2522 478 2554 le
507 2520 718 2554 Mauvazts...
744 2521 825 2565 [par
856 2519 1077 2567 Seoousse],
1100 2531 1136 2567 p.
1159 2520 1231 2565 91).
1257 2520 1290 2556 11
1322 2532 1344 2568 y
1373 2520 1490 2566 avait,
1518 2530 1568 2556 en
1598 2520 1701 2565 1359,
1724 2532 1775 2557 un

365 2577 464 2612 Jean
485 2576 530 2612 de
552 2576 772 2624 Besangon,
790 2579 997 2615 seeretaire
1018 2579 1068 2614 du
1085 2579 1139 2614 roi
1161 2584 1198 2614 ot
1220 2579 1271 2615 du
1292 2580 1428 2625 regent
1449 2584 1487 2614 et
1508 2579 1690 2615 tresorier
1709 2578 1776 2615 des

368 2647 525 2681 guerres
557 2635 680 2678 (Bibl.
717 2642 811 2677 nat..
845 2638 971 2673 Titres
1012 2639 1149 2675 scelles
1188 2639 1233 2674 de
1273 2638 1571 2684 Clairambault,
1606 2638 1679 2674 vol.
1716 2638 1773 2679 31,

369 2696 430 2731 fol.
455 2695 572 2735 2285).
596 2695 697 2731 C'est
721 2696 982 2733 evidemment
1003 2698 1037 2733 le
1058 2699 1183 2734 meme
1205 2709 1457 2744 personnage.

417 2753 449 2788 3.
468 2743 707 2797 Qu'Etienne
721 2752 862 2789 Marcel
879 2755 932 2790 ait
946 2766 992 2791 eu
1009 2766 1057 2790 eu
1074 2767 1116 2791 sa
1132 2756 1353 2801 possession
1367 2756 1434 2791 des
1450 2755 1581 2791 lettres
1597 2756 1773 2792 recentes
