1923 3358
377 275 446 312 ‘280
649 272 1020 306 CHRONOGRAPHIA
1046 271 1200 303 REGUM
1226 269 1505 302 FRANCORUM.
1675 267 1780 314 [1358

375 375 451 405 ras
477 372 592 419 quas
612 369 781 417 regens
802 351 869 399 eis
888 351 1101 398 miserat1
1130 367 1140 397 :
1170 350 1249 414 qui
1267 350 1442 398 invitus
1462 351 1668 399 ostendit
1692 353 1777 411 eis,

373 433 480 496 quia
513 430 740 479 sonabant
770 429 818 476 in
851 433 1186 476 nocumentum
1215 427 1311 484 sui3
1347 427 1546 475 credidit
1578 428 1702 476 enim
1732 447 1781 478 se

372 524 596 557 excusare
623 506 798 561 verbis,
823 506 906 554 sed
932 506 993 553 nil
1016 506 1056 553 ei
1076 505 1268 570 profuit.
1295 507 1421 553 Tunc
1439 505 1649 570 aggressi
1674 512 1782 554 sunt

374 602 480 634 eum
510 584 791 633 parisienses
819 589 865 632 et
896 583 1166 631 occiderunt
1196 599 1304 630 eum
1334 601 1343 630 ε
1377 583 1635 631 vocabatur
1659 583 1784 631 enim

374 662 635 726 Stephanus
669 661 963 710 Marescalli2.
994 664 1189 724 Insuper
1218 659 1489 707 occiderunt
1517 659 1783 724 Philippum

374 738 613 794 Ghiffardi,
632 737 849 803 Egidium
869 737 1087 795 Merciax,
1112 737 1347 786 Simonem
1367 736 1530 784 Panie's
1547 741 1594 784 et
1612 736 1785 785 Johan-

373 833 481 864 nem
507 816 565 864 de
591 815 788 863 Insulass.

436 897 548 941 Post
567 897 770 940 mortem
790 891 995 949 illorum,
1019 892 1141 955 capti
1160 897 1267 940 sunt
1284 895 1307 940 J
1312 907 1536 940 oseranus
1554 890 1613 939 de
1629 890 1785 938 Matis-

372 988 504 1027 cone,
528 970 726 1018 Karolus
749 968 1017 1026 Toussardi,
1043 968 1276 1016 Johannes
1298 968 1519 1024 Godardi,
1542 971 1706 1015 Petrus
1725 966 1783 1014 de

372 1047 591 1104 PuteoliS,
618 1050 783 1095 Petrus
810 1046 976 1110 Egidii,
1016 1045 1291 1093 castellanus
1323 1045 1382 1092 de
1413 1049 1594 1108 Lupara
1615 1049 1659 1092 et
1681 1043 1784 1107 plu-

371 1142 447 1173 res
473 1125 594 1172 alii4.
632 1126 842 1186 Cumque
868 1124 956 1170 hoc
975 1123 1252 1170 mandarent
1272 1122 1554 1169 parisienses
1581 1121 1780 1186 regenti,

372 1201 665 1250 remandavit
709 1201 774 1248 eis
817 1200 943 1264 quod
987 1199 1254 1247 viventibus
1304 1198 1645 1263 inprisionatis,
1689 1214 1783 1245 non

371 1279 567 1326 intraret
594 1277 813 1325 Parisius.
845 1276 954 1324 Ideo
986 1276 1269 1324 Parisienses
1292 1276 1411 1324 duos
1441 1276 1487 1323 in
1518 1292 1609 1322 una
1639 1274 1713 1322 die
1738 1279 1785 1321 et

373 1356 491 1404 duos
520 1356 566 1402 in
594 1355 696 1411 alia,
722 1360 769 1401 et
795 1354 861 1402 sic
890 1359 1232 1417 consequenter
1257 1370 1406 1417 usque
1432 1353 1490 1400 ad
1516 1352 1786 1400 internetio-

373 1449 498 1488 nem,
528 1431 679 1479 dictos
705 1431 1020 1479 incarceratos
1047 1431 1336 1479 occiderunt.

438 1511 537 1566 Quo
557 1509 697 1566 sacto,
721 1524 890 1573 regens
915 1507 1029 1555 abiit
1048 1507 1268 1566 Parisius,
1296 1507 1376 1555 ubi
1404 1505 1660 1554 honorifice
1682 1521 1786 1553 sus-

422 1645 455 1681 1.
478 1645 530 1680 Le
552 1643 618 1680 fait
645 1648 704 1679 est
724 1653 796 1690 que
818 1643 874 1679 les
903 1653 996 1690 gens
1017 1642 1081 1690 qui
1110 1653 1150 1679 se
1170 1643 1393 1680 trouvaient
1420 1642 1443 1678 ἐ.
1463 1643 1500 1678 la
1519 1646 1628 1688 porte
1651 1640 1785 1677 Saint-

375 1703 546 1740 Antoine
567 1702 766 1739 voulaient
787 1702 871 1738 voir
891 1702 947 1737 les
974 1702 1108 1738 lettres
1129 1691 1362 1749 qu'Etienne
1389 1701 1536 1737 Marcel
1555 1699 1678 1736 tenait
1699 1699 1720 1735 ἐι
1749 1700 1786 1735 la

374 1762 480 1798 main
503 1767 540 1798 et
560 1772 646 1809 que,
666 1761 822 1798 suivant
838 1761 892 1797 les
909 1761 1069 1797 Grandes
1087 1762 1312 1806 Ohronz'ques
1330 1761 1367 1805 (t.
1386 1760 1457 1807 VI,
1472 1771 1508 1807 p.
1528 1759 1624 1805 133),
1640 1758 1667 1794 il
1682 1758 1785 1795 avait

376 1832 510 1870 recues
531 1821 581 1856 du
604 1820 659 1857 roi
681 1820 726 1857 de
746 1821 933 1857 Navarre.

421 1881 456 1917 2.
480 1881 554 1916 Les
583 1881 786 1916 Anciennes
815 1881 1032 1925 chroniques
1061 1881 1102 1915 de
1134 1880 1289 1915 mandre
1319 1881 1446 1926 (Istore
1472 1882 1505 1914 et
1530 1880 1722 1923 croniques
1745 1879 1787 1914 de

375 1940 562 1981 Mandros,
587 1944 614 1974 t.
631 1938 683 1985 H,
705 1950 740 1985 p.
759 1938 816 1980 91)
838 1943 875 1974 et
897 1938 934 1973 la
954 1938 1161 1982 chronique
1176 1939 1381 1973 normande
1398 1939 1445 1984 (p.
1464 1936 1543 1981 135)
1562 1941 1630 1973 ont
1651 1936 1787 1984 adopte

375 2010 471 2045 pour
498 2009 541 2034 ce
562 2009 654 2034 nom
683 1997 833 2034 celebre
862 1997 897 2033 la
918 1997 1039 2033 forme
1061 1997 1220 2044 etr-ange
1244 2009 1251 2032 ε
1278 2010 1292 2030 «
1317 1995 1483 2033 Etienne
1511 1995 1743 2032 Marissiaux
1769 2009 1783 2029 ι

376 2069 423 2093 ou
449 2071 464 2091 «
488 2056 699 2093 Marsiaux.
725 2070 740 2089 »

424 2116 458 2152 3.
481 2114 657 2163 Philippe
678 2115 816 2152 Giffart
837 2115 893 2152 fut
913 2116 978 2152 tue
1000 2115 1034 2151 le
1055 2115 1237 2162 premier,
1258 2104 1427 2151 Etienne
1448 2113 1594 2150 Marcel
1615 2113 1784 2161 ensuite,

375 2174 460 2222 puis
481 2174 619 2210 Simon
633 2174 668 2210 le
689 2173 895 2210 Paonnier.
920 2173 1020 2210 Gille
1041 2173 1187 2210 Marcel
1207 2178 1245 2209 et
1257 2173 1359 2209 Jean
1379 2172 1424 2209 de
1440 2172 1542 2208 l‘Isle
1558 2171 1689 2209 furent
1709 2171 1785 2208 sai-

377 2233 429 2268 sis
451 2244 504 2268 un
524 2243 596 2279 peu
618 2233 703 2279 plus
723 2232 807 2268 tard
829 2238 865 2269 et
886 2232 960 2268 mis
981 2232 1003 2268 ἐι
1022 2238 1135 2268 mort.

423 2292 457 2327 4.
482 2292 534 2326 Le
560 2291 686 2327 meme
714 2291 803 2339 jour
825 2292 876 2337 (31
904 2291 1059 2338 juillet),
1082 2303 1132 2328 on
1153 2291 1327 2328 enferma
1354 2301 1401 2326 au
1424 2290 1600 2327 Chatelet
1627 2289 1785 2326 Chai-les

376 2350 561 2395 Toussac,
593 2351 758 2386 echevin
791 2351 835 2386 de
869 2351 995 2397 Paris,
1023 2356 1059 2387 et
1081 2351 1269 2387 Josseran
1302 2349 1347 2385 de
1381 2349 1545 2391 Macon;
1579 2348 1626 2384 ils
1658 2348 1787 2384 furent

378 2409 560 2446 exocute's
590 2410 765 2454 (Grandes
797 2411 1035 2456 Chronz'ques,
1064 2416 1091 2446 t.
1122 2410 1191 2455 VI,
1219 2421 1254 2456 p.
1287 2409 1365 2451 134)
1398 2414 1515 2444 avant
1548 2408 1706 2444 l'entree
1736 2407 1785 2443 du

380 2469 513 2515 regent
544 2467 566 2502 a
602 2467 726 2504 Paris.
768 2469 901 2505 Pierre
936 2469 1036 2505 Gille
1069 2474 1106 2504 et
1146 2468 1244 2505 Gille
1284 2467 1467 2513 Gaillart,
1508 2467 1703 2504 chatelain
1736 2466 1787 2501 du

379 2527 543 2572 Louvre,
566 2532 703 2562 eurent
731 2528 767 2563 la
794 2528 869 2564 tete
899 2528 1084 2564 tranchee
1112 2527 1145 2563 le
1166 2529 1186 2564 4
1211 2529 1314 2563 aout.
1340 2527 1468 2563 Pierre
1489 2525 1534 2562 de
1558 2526 1727 2562 Puiseux
1748 2530 1786 2560 et

378 2586 477 2621 qun
499 2585 658 2629 Godart,
682 2590 767 2621 tous
795 2587 894 2623 deux
922 2592 1092 2632 avocats,
1124 2586 1202 2622 l'un
1231 2599 1278 2622 au
1308 2586 1544 2631 Parlement,
1576 2585 1710 2620 l'autre
1737 2594 1785 2619 au

380 2645 570 2691 Gln‘ttelet,
592 2644 763 2691 perirent
784 2646 819 2681 la
841 2647 1013 2682 semaine
1036 2646 1213 2682 suivante
1237 2647 1355 2691 (Ibid.,
1383 2656 1418 2692 p.
1452 2645 1518 2681 136
1539 2650 1575 2680 et
1604 2643 1695 2679 1371.
1724 2642 1785 2678 On

381 2703 589 2748 exeant-ait,
605 2713 754 2739 comme
771 2703 804 2739 le
820 2703 873 2740 dit
894 2711 1004 2741 notre
1021 2704 1247 2752 chronique,
1265 2710 1352 2740 tous
1367 2703 1422 2740 les
1439 2703 1547 2750 jours
1568 2712 1620 2738 uu
1641 2711 1782 2747 groupe

382 2761 427 2797 de
448 2761 548 2797 deux
569 2761 787 2809 coupables.
