1923 3358
350 239 393 276 66
631 239 1002 274 CHRONOGRAPHIA
1028 239 1181 271 REGUM
1206 239 1485 272 FRANcoRUM.
1540 233 1755 283 [1338-1339

348 322 723 386 archiepiscopus
749 318 1034 367 Coloniensis
1057 324 1104 366 et
1126 335 1289 366 omnes
1315 318 1524 383 episcopi
1549 319 1759 384 ejusdem

347 398 608 463 provincie,
649 395 796 442 induti
834 395 977 442 sacris
1016 394 1249 452 vestibus,
1290 395 1555 443 aduxerunt
1593 410 1758 459 regem

345 475 507 539 Anglie
539 472 753 520 indutum
782 477 912 519 veste
944 488 1083 519 aurea
1114 471 1258 519 nobili
1284 477 1331 519 et
1357 471 1571 535 preciosa
1598 471 1753 528 valde,

346 554 393 596 et
412 547 612 596 habebat
632 563 790 595 secum
817 552 1052 594 trecentos
1076 546 1276 594 milites
1265 563 1421 610 lpsum
1442 545 1758 594 conducentes

343 630 450 672 ante
476 624 654 672 dictum
677 623 963 672 Ludovicum
989 624 1068 688 qui
1095 641 1145 672 se
1171 624 1506 688 imperatorem
1532 622 1717 671 dicebat
1741 639 1750 668 z

343 701 423 765 qui
455 700 584 748 dedit
609 701 651 748 ei
675 701 857 766 virgam
888 718 1077 750 auream
1109 701 1154 749 in
1187 718 1346 759 manu,
1377 701 1554 766 fuitque
1587 701 1759 749 confir-

342 782 495 825 matus
521 777 720 825 vicarius
746 777 1047 841 imperatoris
1063 778 1096 824 ¹.

406 857 582 918 Itaque,
606 854 813 918 perfecta
835 854 1195 918 sollempnitate,
1220 871 1305 901 rex
1325 853 1506 919 Anglie,
1530 853 1758 901 valefacto

341 931 626 988 Bavariensi,
657 931 787 978 venit
820 930 1074 988 Coloniam,
1105 947 1277 995 rogans
1307 947 1472 978 omnes
1504 930 1674 978 milites
1707 935 1759 978 ut

343 1024 502 1055 secum
540 1007 776 1064 venirent,
820 1023 873 1054 ac
913 1006 1020 1054 inde
1058 1007 1185 1054 venit
1224 1007 1558 1063 Brabanciam3
1598 1006 1758 1069 ibique

342 1101 449 1132 cum
475 1084 677 1132 maxima
703 1083 997 1132 multitudine
1020 1088 1338 1148 pugnatorum
1357 1089 1679 1131 convenerunt
1699 1082 1757 1130 ad

342 1177 449 1209 eum
475 1160 522 1208 in
550 1160 799 1218 Lovani02‚
827 1160 906 1207 ubi
933 1159 1205 1207 mandatum
1232 1176 1369 1208 suum
1396 1161 1568 1208 fecerat
1594 1176 1758 1208 mense

341 1238 645 1302 septembris,
681 1237 756 1284 die
792 1236 1093 1285 Exaltationis
1129 1238 1294 1283 Sancte
1330 1236 1539 1294 Crucis3‚
1576 1235 1760 1284 allocati

341 1315 411 1363 sui
436 1332 445 1362 :
470 1314 644 1362 scilicet
669 1313 935 1377 marquisus
962 1312 1415 1378 Brandeburgensis,
1444 1313 1567 1361 filius
1590 1311 1759 1377 prefati

339 1392 561 1440 Ludovici
587 1391 646 1440 de
671 1391 880 1448 Bavaria,
905 1407 1048 1454 quem
1075 1390 1162 1438 sibi
1188 1391 1379 1438 miserat
1405 1390 1532 1438 idem
1554 1389 1758 1439 Ludovi-

339 1485 438 1527 cus,
460 1469 556 1517 dux
575 1469 844 1526 Brabancie,
866 1485 1024 1516 comes
1045 1467 1306 1526 Gheldrie4,
1329 1468 1597 1532 marquisus
1615 1467 1759 1517 Julio-

340 1547 507 1606 censis,
537 1548 731 1595 comites
762 1547 821 1596 de
852 1547 1083 1596 Montibus
1113 1553 1159 1594 et
1189 1547 1425 1605 Namurci,
1453 1547 1673 1595 dominus
1699 1547 1757 1595 de

340 1625 636 1673 Falcomonte
665 1631 711 1672 et
737 1625 969 1673 Johannes
994 1624 1052 1672 de
1078 1624 1302 1682 Hanonia,
1334 1640 1475 1688 quem
1507 1623 1757 1672 marescal-

341 1701 437 1749 lum
464 1718 599 1749 suum
626 1706 869 1750 statuerat.

405 1782 504 1827 Rex
532 1795 647 1826 vero
676 1779 866 1826 Francie
899 1779 979 1842 qui
1011 1783 1351 1826 convocaverat
1377 1779 1612 1826 exercitus
1642 1795 1753 1826 suos

340 1855 398 1903 ad
424 1856 720 1904 existendum
737 1856 863 1919 apud
879 1856 1160 1904 Noviomum
1176 1861 1222 1903 et
1239 1858 1461 1903 Sanctum
1481 1856 1757 1914 Quintinum

340 1932 383 1978 in
410 1932 755 1990 Viromandiass,
786 1933 962 1980 tamdiu
988 1933 1286 1997 prolongavit
1316 1932 1590 1981 mandatum
1615 1948 1754 1981 suum

388 2075 420 2109 1.
442 2074 474 2109 Il
489 2074 612 2121 parait
632 2084 705 2121 que
727 2074 820 2111 c'est
834 2073 856 2109 ἐι
871 2074 1051 2110 Coblentz
1071 2084 1144 2122 que
1163 2074 1375 2111 l’entrevue
1391 2078 1458 2109 eut
1472 2073 1564 2120 lieu,
1584 2073 1618 2109 le
1634 2074 1654 2110 5
1672 2084 1757 2120 sep-

340 2131 488 2168 tembre
510 2132 599 2169 1338
623 2132 688 2178 (Cf.
713 2132 919 2178 Froissart,
942 2131 999 2168 ed.
1023 2131 1144 2177 Luce,
1167 2137 1193 2167 t.
1217 2131 1249 2177 I,
1270 2143 1307 2178 p.
1330 2131 1399 2168 4‘25
1420 2131 1442 2167 a
1463 2131 1558 2171 427).
1576 2131 1694 2168 Louis
1710 2131 1756 2168 de

342 2188 505 2225 Baviere
526 2200 574 2226 ne
596 2190 778 2237 sejourna
798 2189 820 2226 ὲ.
839 2189 1043 2227 Francfort
1071 2189 1158 2237 qu'zi
1178 2189 1214 2225 la
1235 2190 1287 2225 fin
1307 2189 1353 2225 de
1370 2189 1499 2236 juillet
1520 2194 1558 2226 et
1579 2199 1627 2226 au
1649 2200 1756 2226 com-

341 2253 590 2284 mencement
614 2248 756 2285 d’aout.

387 2306 422 2343 2.
448 2306 612 2343 Suivant
627 2307 818 2343 Froissart
834 2307 904 2355 (ed.
922 2308 1041 2354 Luce,
1057 2313 1084 2344 t.
1097 2307 1129 2353 I,
1144 2318 1180 2354 p.
1198 2307 1293 2352 436),
1307 2297 1487 2344 Edouard
1500 2307 1559 2344 III
1574 2307 1755 2355 sejourna

342 2371 424 2402 tout
446 2366 580 2401 l’hiver
600 2366 621 2401 a
641 2366 833 2403 Louvain.

389 2425 423 2461 3.
448 2425 531 2461 Soit
555 2425 588 2461 le
613 2425 653 2460 14
678 2426 894 2472 septembre
919 2426 1022 2462 1339.
1046 2425 1236 2462 Froissart
1268 2426 1340 2471 (ed.
1364 2426 1482 2471 Luce,
1504 2430 1532 2462 t.
1555 2425 1587 2472 Ι,
1609 2437 1645 2473 p.
1671 2426 1754 2466 150)

341 2485 501 2531 pretend
528 2495 600 2531 que
623 2484 656 2519 le
679 2485 734 2520 roi
762 2485 1032 2531 d'Angleterre
1060 2486 1101 2520 fit
1128 2496 1197 2521 son
1226 2485 1476 2522 mandement
1502 2496 1599 2532 pour
1621 2499 1637 2518 «
1661 2485 1755 2521 trois

344 2557 359 2577 «
385 2543 631 2591 sepmainnes
653 2543 776 2589 apries
798 2544 834 2579 la
856 2544 968 2580 Saint
986 2545 1115 2581 Jehan
1138 2558 1152 2578 n
1177 2544 1222 2580 de
1244 2544 1396 2581 l'annee
1420 2543 1523 2580 1339.

388 2603 423 2639 4.
448 2603 557 2638 Lisez
577 2604 653 2638 dum
674 2602 870 2638 Gheldrio.

391 2661 424 2697 5.
449 2674 465 2693 «
542 2659 644 2696 Pour
665 2670 780 2696 cause
801 2659 846 2695 de
867 2666 971 2696 ceste
991 2667 1171 2708 presente
1192 2661 1405 2698 assemblee
1424 2661 1470 2697 de
1490 2660 1752 2704 Saint-Quen-

346 2733 360 2752 (ι
384 2719 439 2755 tin
461 2725 496 2755 et
517 2718 584 2755 des
606 2718 745 2765 parties
766 2718 978 2755 d'environ.
999 2734 1014 2753 »
1033 2721 1089 2766 (⁶38
1105 2722 1195 2757 aout
1216 2721 1317 2757 1339.
1333 2741 1380 2747 —
1395 2720 1494 2756 Bibl.
1512 2725 1609 2765 nat.,
1624 2719 1752 2756 Titres
