1923 3358
155 255 258 301 1358]
435 260 805 293 GHRONOGRAPHIA
832 261 984 293 REGUM
1010 261 1288 294 FRANGORUM.
1490 256 1554 293 271

152 337 211 384 (16
229 337 497 400 caprosia1,
521 338 580 385 (16
601 341 778 395 Kenne,
800 338 857 386 (16
878 339 1075 403 Egeine2
1097 345 1142 387 et
1162 340 1306 388 multa
1326 339 1412 387 alia
1433 340 1559 388 Pari-

150 414 246 461 sius
272 414 530 462 convicina.

215 494 281 539 Eo
313 496 424 538 tunc
452 491 559 538 dicti
596 491 757 539 rustici
790 491 849 539 de
885 492 1166 549 Belvacesio,
1198 494 1330 556 quasi
1362 511 1558 542 numero

149 567 484 632 quinquaginta
507 568 684 615 milium
705 574 751 615 et
781 584 836 616 6ο
862 569 1077 632 amplius,
1109 569 1323 618 abierunt
1347 578 1454 620 ante
1474 572 1559 618 vil-

148 642 240 691 lam
263 643 536 707 Compendii
562 650 609 691 ct
636 644 979 692 mandaverunt
1005 646 1092 693 illis
1120 646 1178 694 (16
1205 647 1310 694 villa
1332 654 1383 695 ut
1402 649 1558 697 trade-

147 725 252 767 rent
271 720 338 767 eis
352 720 531 767 nobiles
548 720 629 783 qui
645 720 704 767 ad
723 737 805 767 eos
822 722 1146 786 confugerant.
1166 725 1430 788 Burgenses
1444 742 1558 773 vero

147 796 544 844 remandaverunt
576 797 643 843 eis
677 797 806 860 quod
841 797 973 861 prius
1004 807 1304 848 morerentur
1339 802 1465 865 quod
1493 802 1558 850 eis

147 872 447 936 aliquomodo
483 873 753 931 obedirent,
790 874 872 921 sed
908 881 1088 923 tantum
1126 877 1330 941 regentis
1371 879 1560 926 Francie

147 956 367 1014 parerent
393 950 664 998 mandatoss.

210 1032 337 1076 Tunc
377 1029 605 1092 temporis
645 1027 799 1076 cuncti
843 1027 1024 1076 nobiles
1068 1029 1259 1077 Francie
1298 1030 1554 1095 fugiebant,

146 1104 337 1168 quidam
387 1111 519 1152 extra
569 1121 794 1170 regnum,
848 1105 922 1152 alii
972 1122 1086 1153 vero
1137 1106 1184 1153 in
1234 1114 1385 1155 castra
1435 1109 1554 1156 infra

146 1198 367 1247 regnum,
407 1182 712 1230 formidantes
754 1183 973 1230 seviciam
1017 1184 1301 1232 rusticorum
1338 1187 1418 1248 qui
1460 1188 1557 1234 sine
1612 1196 1616 1200 ’

144 1258 315 1321 pietate
348 1265 427 1306 aut
460 1258 784 1322 redemptione
820 1260 1050 1307 necabant
1085 1278 1258 1308 uxores
1293 1269 1339 1308 et
1381 1280 1555 1326 pueros

146 1335 372 1382 nobilium
405 1335 665 1382 hominum.
703 1335 775 1382 Hii
817 1336 976 1383 rustici
1014 1337 1229 1385 abierunt
1268 1345 1314 1385 et
1356 1339 1556 1387 obsede-

145 1418 256 1459 runt
281 1413 519 1460 castellum
541 1413 667 1476 quod
695 1413 856 1460 Plaisel
874 1413 1090 1470 dicitur4‚
1115 1415 1356 1478 pertinens
1377 1417 1556 1464 Matheo

146 1488 204 1536 de
247 1489 360 1536 Roia
377 1527 387 1546 ,
432 1506 526 1552 quo
560 1490 661 1552 ipse
706 1506 812 1537 cum
857 1491 1014 1538 multis
1057 1491 1292 1540 nobilibus
1333 1494 1555 1558 confuge-

144 1571 233 1612 rat.
266 1566 454 1612 Interim
480 1566 752 1629 Radulphus
775 1566 833 1613 (16
861 1568 1134 1625 Couchiaco,
1164 1574 1356 1634 rogatus
1379 1588 1404 1617 a
1430 1570 1555 1618 dicto

144 1642 342 1700 Matheo,
373 1659 480 1690 cum
509 1643 666 1690 multis
694 1643 916 1691 militibus
943 1650 989 1692 et
1019 1645 1286 1693 hominibus
1315 1664 1555 1695 armorum

144 1726 375 1767 venerunt
402 1719 506 1784 (sic)
529 1726 693 1767 contra
718 1736 800 1768 eos
826 1721 872 1768 in
898 1721 1097 1784 prelium
1118 1738 1171 1769 ac
1191 1723 1349 1771 multis
1370 1724 1555 1772 illorum

144 1795 307 1844 occisis
333 1796 609 1844 devicerunt
634 1814 733 1845 eos.

207 1872 383 1921 Deinde
399 1874 555 1921 rustici
575 1874 745 1922 iterum
761 1882 1169 1940 congregaverunt
1195 1877 1366 1925 multos
1395 1894 1553 1925 secum

144 1949 188 1995 in
217 1950 408 1996 Francia
430 1950 540 1997 etin
560 1951 850 2008 Belvacesi03
879 1952 939 1998 illi
967 1952 1092 1999 enim
1117 1952 1175 1999 de
1201 1953 1398 2000 Belvaco
1421 1961 1554 2001 erant

143 2032 305 2073 contra
341 2027 552 2074 homines
587 2028 782 2075 nobiles.
818 2029 927 2076 Ideo
967 2029 1127 2076 rustici
1160 2030 1333 2076 multos
1373 2030 1554 2078 nobiles

144 2103 249 2150 illuc
274 2103 511 2151 duxerunt
535 2110 580 2151 et
606 2104 781 2153 ibidem
807 2122 1035 2153 consensu
1061 2106 1327 2153 communie
1354 2106 1553 2154 civitatis

194 2262 227 2296 1.
251 2260 489 2307 chevreuse,
516 2260 824 2308 Scine-et-Oise,
846 2261 1174 2298 arrondissement
1202 2262 1248 2299 (16
1274 2262 1552 2311 Rambouillet,

146 2319 327 2356 chef-lieu
347 2319 392 2355 de
415 2326 574 2356 canton.

192 2377 226 2413 2.
250 2378 323 2414 Ces
343 2378 444 2415 deux
464 2390 576 2415 noms
598 2385 685 2415 sont
706 2379 892 2426 estropies
913 2379 1027 2416 d’une
1048 2380 1162 2428 sagon
1182 2393 1236 2417 un
1256 2392 1330 2428 peu
1353 2381 1556 2419 differente

145 2437 241 2473 dans
257 2438 294 2472 la
315 2438 522 2482 leronz'que
543 2440 746 2474 normannie
767 2444 815 2485 (p.
840 2439 920 2484 128,
941 2446 1031 2475 note
1051 2439 1097 2485 4).
1122 2439 1178 2475 Cf.
1203 2439 1242 2475 S.
1261 2440 1381 2485 Luce,
1397 2442 1554 2477 Histoire

145 2498 187 2532 de
207 2500 244 2532 la
263 2498 453 2542 Jacquerz‘e
473 2499 615 2543 &apres
635 2500 694 2534 des
714 2500 924 2534 documents
944 2500 1088 2544 ineclz'ts,
1113 2510 1148 2546 p.
1173 2499 1239 2537 124
1262 2500 1283 2535 a
1307 2500 1387 2537 133.

194 2555 228 2591 3.
251 2554 304 2590 Cf.
331 2556 492 2591 Grandes
514 2557 750 2602 Chroniques,
774 2562 801 2593 t.
825 2556 896 2603 VI,
918 2569 954 2604 p.
980 2558 1059 2594 110.

153 2604 156 2608 “
194 2616 227 2650 4.
251 2614 614 2662 Plessis-de-Roye,
636 2615 740 2663 Oise,
763 2616 1095 2654 arrondissemcnt
1118 2617 1163 2654 de
1185 2617 1437 2665 Compiegne,
1459 2628 1554 2654 can-

148 2678 215 2709 ton
236 2673 281 2709 de
302 2673 510 2721 Lassigny.
