1923 3358
156 272 260 319 1343]
431 274 800 308 GHRONOGRAPHIA
826 274 979 306 REGUM
1004 273 1281 305 FRANGORUM.
1487 268 1552 304 207

155 361 261 403 sunt
286 371 410 402 eum.
441 358 769 419 Pugnaverunt
795 370 906 417 ergo
938 359 983 401 et
1015 353 1123 400 victi
1151 358 1255 400 sunt
1283 350 1551 407 traditores,

153 431 369 495 captique
400 431 586 478 fuerunt
618 430 835 478 dominus
866 430 924 477 de
960 429 1294 484 Maloattractu,
1334 427 1555 475 Theobal-

153 508 241 556 dus
266 508 324 555 de
351 508 604 564 Morillone,
633 507 850 555 dominus
869 506 1055 560 Lavalli,
1085 505 1302 553 dominus
1322 505 1380 552 de
1403 504 1556 552 l'Ava-

152 601 273 649 gour
307 590 353 631 et
384 584 458 631 alii
488 599 638 646 usque
671 582 730 629 ad
762 582 942 639 decem,
983 598 1067 628 sex
1096 581 1269 629 scilicet
1306 581 1475 628 milites
1510 586 1556 629 et

151 661 247 725 iiij01·
276 659 496 717 scutiferi,
529 675 647 722 quos
674 658 871 705 Karolus
907 658 1038 705 duxit
1071 657 1129 704 ad
1168 674 1330 722 regem
1365 657 1556 706 Francie

152 737 229 801 qui
259 737 394 801 jussit
426 752 507 783 eos
538 735 740 782 decolari
770 735 817 782 in
851 734 1007 799 vigilia
1045 735 1197 782 Sancti
1228 734 1413 782 Andree
1449 734 1556 782 anni

150 812 400 876 prenotati,
429 816 571 874 atque
599 827 799 874 corpora
825 809 1048 874 suspendi
1071 811 1117 856 in
1142 809 1349 873 patibulo
1369 811 1557 858 Montis-

151 889 366 945 falconis;
395 887 545 952 capita
569 904 682 934 vero
703 887 854 934 delata
880 891 987 934 sunt
1011 886 1283 950 Nampnetis
1308 892 1354 934 et
1378 887 1423 934 in
1445 903 1557 950 por-

151 964 210 1012 tis
234 964 445 1028 ejusdem
470 963 667 1011 civitatis
693 961 892 1026 posita1.

215 1041 392 1089 Eodem
424 1057 545 1088 anno
571 1057 679 1088 cum
713 1056 799 1086 rex
834 1038 1025 1086 Francie
1063 1038 1137 1085 die
1167 1037 1337 1085 Natalis
1373 1038 1555 1085 Domini

151 1123 330 1166 teneret
354 1117 531 1165 curiam
559 1117 604 1163 in
630 1117 799 1180 palatio
829 1132 913 1163 suo
938 1114 1158 1173 Parisius,
1190 1114 1407 1178 precibus
1441 1131 1557 1177 quo-

150 1187 367 1244 rumdam
401 1196 630 1242 baronum
663 1193 877 1241 liberavit
913 1193 1132 1240 comitem
1164 1191 1470 1240 Montisfortis
1499 1191 1557 1239 de

152 1290 355 1329 carcere,
385 1272 451 1319 sic
474 1271 601 1335 quod
630 1287 869 1334 nunquam
896 1270 1066 1317 amodo
1096 1274 1278 1333 peteret
1307 1268 1480 1332 aliquid
1509 1268 1556 1315 in

152 1349 321 1397 ducatu
356 1348 616 1405 Britannie,
660 1348 743 1395 sed
786 1347 1042 1395 dimitteret
1080 1346 1300 1394 eumdem
1337 1346 1556 1394 ducatum

150 1426 341 1490 pacifice
361 1424 592 1488 possideri
611 1425 782 1472 Karolo
801 1424 1005 1472 Blesensi
1037 1441 1047 1471 :
1078 1423 1157 1487 qui
1180 1422 1243 1470 ita
1263 1421 1439 1487 juravit
1466 1422 1558 1469 sol-

150 1502 444 1566 lempniter2.

201 1637 233 1672 1.
253 1636 308 1671 La
329 1636 536 1680 Chronique
555 1635 760 1670 normande
783 1634 830 1680 (p.
853 1633 908 1675 61)
931 1637 969 1669 et
989 1633 1045 1669 les
1065 1633 1268 1669 Anciennes
1281 1634 1499 1677 chroniques
1514 1634 1556 1667 de

152 1697 309 1732 Mandro
327 1697 451 1742 (Istore
465 1699 497 1730 ez}
510 1696 702 1739 croniques
719 1695 759 1730 de
774 1693 803 1727 F
804 1694 965 1738 landres,
981 1698 1009 1729 t.
1032 1692 1084 1738 II,
1106 1704 1142 1738 p.
1169 1692 1220 1737 10)
1238 1692 1356 1728 fixent
1372 1691 1393 1727 ἐι
1407 1696 1558 1738 quatre-

152 1753 281 1802 vingts
302 1755 480 1790 hommes
501 1753 666 1790 d'armes
687 1752 864 1789 l'escorte
885 1751 930 1787 de
946 1751 1107 1787 Gharles
1128 1751 1175 1787 de
1196 1750 1315 1787 Blois.
1340 1750 1411 1786 Ces
1433 1755 1558 1786 textes

152 1814 336 1850 estiment
364 1824 413 1849 au
442 1813 569 1849 meme
598 1812 733 1849 chiffre
762 1823 835 1858 que
862 1816 973 1847 notre
1001 1810 1214 1857 chronique
1240 1810 1275 1846 le
1304 1808 1464 1846 nombre
1491 1809 1558 1845 des

152 1872 385 1908 assaillants.
409 1872 539 1916 Quant
567 1883 643 1908 aux
669 1870 924 1918 prisonniers,
946 1881 995 1906 au
1020 1869 1180 1906 nombre
1206 1869 1252 1904 de
1280 1868 1400 1905 douze
1421 1874 1458 1904 et
1478 1880 1557 1904 non

150 1942 218 1978 pas
239 1931 284 1967 de
307 1931 385 1977 dix,
406 1931 454 1966 ils
475 1931 602 1967 furent
624 1930 779 1967 d'abord
799 1930 992 1967 enfermes
1015 1929 1037 1964 a
1057 1928 1228 1975 Angers,
1249 1928 1335 1974 puis
1355 1928 1490 1963 menes
1511 1926 1558 1963 de

151 1989 188 2024 la,
209 1989 231 2024 a„
251 1989 361 2025 Paris
390 2000 479 2025 sous
506 1990 542 2025 la
570 1989 751 2026 conduite
777 1989 827 2025 du
848 1987 1043 2025 Chatelain
1069 1987 1118 2022 du
1147 1987 1275 2023 Gavre
1304 1985 1556 2031 (Loire-Infe-

153 2048 297 2095 rieure,
335 2048 666 2084 arrondissement
698 2048 743 2084 de
783 2046 1114 2092 Saint-Nazaire,
1149 2050 1293 2082 canton
1325 2044 1370 2080 de
1402 2044 1556 2089 Blain);

153 2107 333 2144 c’etaient
359 2106 550 2154 Foulques
579 2107 624 2143 de
650 2107 784 2153 Laval,
812 2106 992 2153 Geoffroy
1013 2105 1058 2141 de
1085 2104 1300 2140 Malestroit
1321 2109 1359 2139 et
1386 2114 1455 2139 son
1483 2103 1557 2149 fils,

153 2167 373 2204 Guillaume
393 2166 460 2203 des
480 2167 626 2212 Breux,
653 2167 753 2203 Jean
779 2166 824 2202 de
852 2165 1104 2209 Montauban,
1126 2162 1245 2199 Alain
1266 2162 1311 2199 de
1333 2162 1500 2199 Cadillac
1520 2167 1558 2198 et

152 2225 274 2261 Denis
306 2225 356 2260 du
389 2225 552 2272 PlessiS,
586 2224 819 2268 chevaliers;
853 2224 953 2260 Jean
986 2223 1160 2267 Mallart,
1186 2221 1287 2257 Jean
1317 2220 1382 2257 des
1412 2220 1556 2266 Breux,

152 2284 280 2320 Raoul
308 2284 373 2319 des
404 2284 551 2330 Breux,
583 2284 803 2320 Guillaume
834 2283 901 2319 des
930 2282 1064 2318 Breux
1094 2286 1131 2316 et
1161 2280 1261 2316 Jean
1291 2279 1337 2316 de
1365 2278 1556 2316 Sevedavi

155 2343 270 2389 (Bibl.
305 2348 401 2387 nat„
436 2343 640 2380 collection
673 2342 968 2387 Clairambault,
1003 2342 1077 2378 vol.
1115 2341 1179 2386 68,
1218 2340 1324 2387 piece
1357 2339 1435 2385 41).
1480 2338 1555 2374 Dix

151 2402 298 2439 d’entre
319 2413 394 2438 eux
416 2402 543 2438 furent
567 2402 759 2449 decapites
787 2402 821 2438 16
842 2402 886 2439 29
909 2400 1119 2438 novembre
1140 2399 1230 2436 1343
1254 2399 1473 2446 (Froissart,
1495 2398 1554 2434 ed.

153 2462 272 2507 Luce,
292 2466 320 2497 t.
342 2461 414 2506 III,
435 2472 471 2507 p.
494 2472 532 2507 x,
554 2466 645 2497 note
669 2463 714 2506 1).

199 2520 234 2556 ⁶2.
257 2521 309 2556 Le
331 2525 456 2556 comte
477 2519 521 2555 de
543 2520 727 2556 Montfort-
747 2520 802 2556 fut
824 2520 957 2566 elargi,
980 2519 1134 2556 suivant
1154 2519 1322 2555 d'autres
1342 2524 1483 2564 textes,
1506 2529 1555 2553 au

152 2578 249 2615 mois
270 2578 396 2614 d’aout
420 2578 523 2624 1343,
544 2578 566 2613 a
587 2578 622 2613 la
644 2578 799 2624 requete
819 2577 884 2613 des
901 2576 1112 2613 cardinaux
1127 2577 1192 2624 qui
1208 2577 1364 2614 avaient
1381 2576 1449 2612 fait
1465 2587 1555 2612 con-

153 2638 258 2674 clure
280 2638 316 2672 la
335 2638 442 2673 treve
463 2636 512 2672 du
540 2636 582 2672 19
605 2636 759 2683 janvier
780 2636 884 2682 1343,
906 2635 1052 2683 d'apres
1073 2647 1149 2673 une
1176 2636 1283 2683 piece
1304 2635 1556 2671 mentionnee

153 2709 222 2744 par
241 2698 291 2734 du
312 2697 437 2734 Tillet.
458 2696 556 2732 Mais
576 2707 626 2732 on
645 2708 694 2733 ne
715 2697 793 2733 voit
812 2707 880 2743 pas
901 2696 1056 2732 ailleurs
1077 2696 1192 2743 qu'ici
1214 2707 1263 2732 ou
1284 2695 1379 2730 dans
1395 2695 1430 2731 la
1446 2695 1554 2730 Chro-

154 2759 264 2802 nique
285 2757 486 2792 normande
508 2758 555 2803 (p.
574 2755 629 2799 61)
651 2761 688 2792 et
708 2755 804 2791 dans
825 2756 879 2792 les
895 2756 1096 2791 Anciennes
1112 2756 1328 2800 chronz'ques
1342 2756 1383 2789 cle
1398 2754 1554 2790 Flandre
