1923 3358
376 255 420 291 86
646 250 1013 287 GHRONOGRAPHIA
1040 249 1191 281 REGUM
1216 246 1494 279 FRANCORUM.
1663 242 1769 290 [1339

375 336 504 383 villas
529 334 699 381 virtute
724 343 963 377 armorum
989 324 1254 388 caperent1.
1283 327 1340 371 Et
1364 324 1666 388 interrogavit
1690 339 1771 371 eos

374 429 458 459 rex
485 410 570 458 sub
602 423 694 470 quo
725 403 945 468 Flamingi
978 401 1250 449 comitatum
1279 399 1490 447 Flandrie
1515 405 1726 447 tenerent
1757 417 1766 446 :

375 488 453 552 qui
479 483 821 547 responderunt
846 479 972 544 quod
998 479 1084 527 sub
1110 478 1279 525 comite
1304 494 1406 525 suo.

438 566 562 610 Tunc
581 576 665 607 rex
686 557 896 623 precepit
915 555 1073 604 comiti
1092 554 1266 601 ibidem
1287 553 1453 600 astanti
1474 553 1601 615 quod
1625 552 1774 600 abiret

373 639 420 685 in
441 636 703 684 Flandriam
721 651 774 682 ac
791 638 975 698 regeret
992 631 1254 695 Flamingos
1279 630 1469 694 pacifice
1488 635 1534 677 et
1554 629 1770 687 doceret3

375 712 454 776 qui
487 710 730 776 respondit
768 709 895 772 quod
931 709 1019 755 hoc
1056 707 1250 754 libenter
1288 706 1481 761 faceret,
1519 705 1774 753 dummodo

374 795 532 853 posset
557 789 731 835 intrare
760 786 958 850 patriam
989 784 1130 831 modo
1159 783 1358 830 decenti.
1387 784 1445 830 At
1469 782 1531 830 illi
1558 782 1776 830 dixerunt

374 866 414 913 ei
441 865 568 929 quod
594 880 754 912 secure
780 868 941 926 posset
968 862 1141 908 intrare
1168 860 1429 907 Flandriam
1454 866 1500 906 et
1525 858 1648 922 quod
1677 859 1776 906 Fla-

374 943 518 1007 mingi
555 942 688 989 nichil
724 940 846 987 aliud
880 939 928 986 in
961 937 1136 985 mundo
1171 937 1518 993 desiderabant,
1556 935 1776 1000 quodque

373 1018 573 1084 gratanti
599 1018 752 1065 animo
777 1033 883 1064 eum
909 1016 1170 1078 reciperent
1195 1020 1246 1061 ut
1271 1013 1480 1061 decebat.
1503 1015 1601 1061 Rex
1621 1018 1776 1061 autem

374 1097 421 1143 in
446 1096 544 1160 ejus
569 1110 772 1149 recessu,
802 1092 981 1140 monuit
1006 1107 1113 1138 eum
1138 1095 1337 1137 tractare
1365 1089 1626 1153 Flamingos
1651 1089 1776 1152 paci-

374 1173 482 1228 fice,
522 1188 578 1218 ne
611 1175 854 1217 moverent
892 1183 1110 1232 guerram
1148 1172 1309 1213 contra
1346 1166 1517 1229 ipsum.
1556 1168 1776 1228 Tuncque

375 1266 532 1296 comes
557 1249 667 1296 abiit
691 1248 871 1303 Malam,
901 1246 980 1293 ubi
1005 1245 1153 1292 tenuit
1185 1250 1357 1292 statum
1383 1260 1545 1300 suum3
1573 1244 1776 1307 totisque

375 1325 552 1372 viribus
592 1323 844 1371 conabatur
884 1322 1043 1369 verbis
1079 1326 1126 1368 et
1167 1320 1392 1368 doctrinis
1430 1320 1693 1385 Flamingos
1730 1321 1776 1368 in

375 1400 646 1448 fidelitatem
671 1398 1019 1445 manutenere?

440 1481 505 1524 Eo
538 1482 752 1538 tempore
789 1473 976 1521 soldarii
1012 1490 1131 1536 quos
1166 1489 1250 1520 rex
1284 1472 1445 1536 Anglie
1478 1477 1698 1536 posuerat
1729 1472 1777 1519 in

375 1552 533 1599 Thuno
553 1550 786 1614 Episcopi,
808 1550 855 1596 in
875 1548 1125 1611 Relenyhes
1150 1553 1196 1595 et
1221 1548 1284 1595 illi
1311 1564 1430 1611 quos
1450 1564 1606 1595 comes
1625 1551 1777 1595 Hano-

375 1627 448 1674 nie
483 1631 703 1691 posuerat
735 1626 783 1672 in
812 1625 1158 1673 Eseaudoeuvre
1192 1630 1237 1671 et
1270 1625 1317 1671 in
1352 1623 1599 1681 Bouchain,
1633 1624 1778 1672 multa

374 1703 492 1750 mala
524 1703 732 1750 fecerunt
757 1701 1179 1757 Cameracensibus,
1211 1717 1303 1747 non
1330 1700 1653 1763 permittentes
1680 1701 1777 1748 vic-

374 1779 512 1826 tualia
544 1778 704 1825 venire
735 1778 793 1825 ad
825 1778 1075 1825 civitatem.
1110 1777 1287 1824 Idcirco
1317 1777 1503 1824 soldarii
1536 1778 1613 1840 qui
1646 1783 1779 1825 erant

373 1856 419 1902 in
440 1858 704 1912 Cameraco,
728 1855 924 1902 scientes
950 1854 1075 1917 quod
1100 1854 1162 1900 illi
1188 1854 1246 1901 de
1267 1854 1426 1902 Thuno
1452 1854 1655 1917 quadam
1674 1855 1775 1902 vice

375 1932 627 1979 exivissent
651 1932 697 1978 in
724 1931 924 1995 patriam
947 1931 1235 1978 convicinam
1260 1937 1306 1978 et
1330 1947 1433 1978 eam
1458 1931 1773 1988 devastarent,

376 2014 598 2055 exeuntes
623 2008 680 2055 de
707 2009 889 2055 civitate
915 2008 1091 2072 agressi
1121 2014 1226 2054 sunt
1253 2024 1333 2055 eos
1359 2014 1403 2055 et
1430 2025 1487 2054 ex
1514 2008 1580 2056 eis
1605 2009 1777 2056 multos

376 2084 667 2141 occiderunt3
691 2085 750 2132 de
769 2084 938 2148 quibus
957 2089 1119 2148 captus
1143 2084 1359 2132 dominus
1379 2084 1437 2132 de
1456 2085 1606 2149 Magni
1626 2085 1777 2133 dictus

426 2244 457 2277 1.
491 2242 543 2277 Cf.
576 2244 731 2278 Histoire
763 2245 804 2278 de
841 2244 997 2280 Flandre
1028 2243 1078 2279 du
1113 2243 1234 2279 baron
1266 2243 1427 2290 Kervyn
1459 2243 1505 2279 de
1538 2243 1777 2280 Lettenhove

378 2302 419 2346 (t.
444 2300 516 2345 III,
542 2311 577 2346 p.
606 2300 675 2336 215
701 2306 738 2337 et
764 2301 860 2342 216).
884 2301 1074 2338 Froissart
1103 2301 1170 2347 (ed.
1196 2302 1314 2348 Luce,
1341 2307 1369 2338 t.
1391 2301 1423 2347 Ι,
1451 2313 1487 2348 p.
1510 2301 1588 2346 185)
1618 2307 1775 2338 raconte

377 2369 450 2406 que
480 2359 513 2394 le
546 2358 602 2394 roi
633 2358 901 2405 d’Angleterre
940 2360 1041 2396 oss'rit
1072 2371 1147 2397 aux
1179 2360 1385 2396 Flamands
1419 2360 1464 2396 de
1501 2359 1730 2408 s‘employer
1754 2360 1777 2396 ὃ,

378 2418 462 2453 leur
487 2417 579 2454 faire
606 2417 786 2454 restituer
805 2419 916 2466 Lille,
941 2419 1066 2457 Douai
1087 2425 1124 2456 et
1149 2419 1328 2456 Bethune
1355 2430 1404 2456 en
1431 2419 1602 2467 echange
1628 2419 1674 2455 de
1694 2419 1777 2455 leur

381 2486 508 2522 appui.

425 2534 460 2571 2.
483 2534 539 2569 Cf.
563 2534 769 2579 Ghronz'que
788 2537 1002 2580 nor-mande,
1027 2547 1062 2583 p.
1087 2537 1144 2573 4⁶2.
1167 2537 1239 2572 Les
1265 2538 1467 2574 Ancz'ennes
1493 2538 1709 2583 chroniqucs
1735 2539 1776 2573 dc

382 2594 536 2629 Flandre
556 2594 679 2637 (Istore
699 2597 729 2627 et
750 2596 938 2637 croniques
959 2597 999 2630 de
1019 2596 1205 2637 Flandres,
1229 2602 1257 2632 t.
1274 2596 1305 2641 I,
1320 2607 1355 2642 p.
1373 2596 1454 2636 376)
1467 2601 1623 2643 passent
1637 2596 1775 2631 imme-

381 2652 592 2688 diatement
621 2651 667 2687 de
694 2652 730 2687 Ιει
756 2652 916 2688 relation
943 2653 1008 2689 des
1032 2654 1158 2700 joutes
1186 2655 1231 2691 de
1252 2655 1456 2692 Bruxelles
1480 2666 1527 2691 au
1550 2659 1652 2691 texte
1673 2654 1717 2691 de
1738 2655 1776 2690 la

384 2710 492 2746 lettre
515 2700 753 2757 qu’Edouard
776 2710 831 2745 111
853 2711 1007 2746 adressa
1029 2724 1103 2748 aux
1124 2713 1320 2749 habitants
1341 2714 1385 2750 de
1409 2712 1665 2750 saint-Omen
