1923 3358
157 282 250 319 1336
261 286 299 318 et
312 282 414 328 1332]
434 285 805 319 GHRONOGRAPHIA
831 287 984 319 REGUM
1009 288 1288 320 FRANCORUM.
1515 288 1556 324 ι21

151 364 241 422 dis,
274 370 516 427 tantasque
547 370 593 412 et
625 371 719 413 tam
753 365 958 413 excelsas
990 366 1185 414 arbores
1219 368 1404 415 emulsit
1434 369 1561 432 quod

150 441 368 489 omnibus
399 458 569 506 magno
601 442 824 489 miraculo
860 442 944 489 fuit
980 448 1026 489 et
1061 443 1276 491 dicebant
1307 450 1563 493 trementer

150 535 270 566 unus
290 518 348 566 ad
370 518 510 566 alium
531 518 657 580 quod
678 518 960 565 decederent
980 525 1027 566 et
1043 520 1169 582 quod
1190 521 1393 569 mundus
1414 523 1562 586 peris-

151 596 268 644 set¹.
298 595 460 643 Clerici
485 611 599 641 vero
626 594 841 641 dicebant
870 595 997 657 quod
1031 596 1273 659 cujusdam
1302 614 1469 663 magne
1494 600 1562 647 rei

151 670 426 736 significatio
443 676 558 717 erat.
581 673 680 719 Rex
696 676 853 718 autem
873 671 1015 718 nimio
1031 688 1208 734 pavore
1227 674 1421 732 solutus,
1443 676 1562 724 illico

150 749 321 796 festum
351 746 587 803 dissolvit,
623 747 833 811 cogitans
866 747 995 810 quod
1024 750 1146 796 Deus
1178 749 1471 809 irasceretur,
1506 770 1562 800 eo

149 824 276 888 quod
312 829 492 871 tantum
536 823 752 871 tardabat
790 823 848 871 ad
888 840 1025 872 suum
1065 825 1154 872 iter
1197 830 1563 877 transmarinum

147 900 469 963 arripiendum
509 918 518 947 ε
558 899 866 963 quamobrem
903 900 1206 950 incontinenti
1242 905 1476 968 precepit,
1512 911 1563 953 ut

147 978 459 1041 undequaque
481 977 660 1025 marina
685 994 796 1025 vasa
823 985 1132 1041 quererentur
1152 997 1204 1027 ac
1224 980 1269 1027 in
1292 982 1432 1029 certis
1451 999 1562 1046 por-

146 1055 272 1103 tibus
303 1060 718 1120 congregarentur,
754 1072 842 1119 pro
875 1056 1092 1121 passagio
1128 1073 1213 1105 suo
1248 1060 1561 1107 transmarino

147 1131 379 1189 faciendo,
426 1132 626 1195 fecitque
671 1132 933 1181 biscoctum
977 1134 1115 1197 coqui
1159 1151 1248 1198 pro
1293 1136 1560 1199 garnisione

148 1224 319 1273 navlgu
346 1224 435 1256 sul.

212 1285 375 1332 Tenuit
400 1285 594 1349 insuper
624 1285 969 1349 parlamentum
992 1303 1100 1335 cum
1130 1288 1434 1337 obtimatibus
1466 1290 1562 1338 suis

148 1367 194 1410 et
213 1361 406 1409 consilio
426 1379 528 1419 suo,
552 1362 630 1410 ubi
652 1362 919 1411 ordinatum
941 1370 1011 1411 est
1033 1364 1160 1427 quod
1186 1366 1435 1429 episcopus
1461 1367 1562 1414 Bel-

146 1439 359 1486 vacensis
391 1446 610 1503 pergeret
640 1440 876 1504 Egiptum,
913 1440 971 1487 ad
1004 1441 1307 1504 portandum,
1338 1459 1395 1489 ex
1429 1448 1562 1506 parte

145 1515 262 1580 ejus,
292 1515 485 1563 soldano
511 1515 748 1563 Babilonie
772 1516 948 1564 litteras
973 1517 1287 1565 diffidencie2.

193 1644 227 1679 1.
258 1642 449 1690 Philippe,
480 1643 623 1679 second
652 1642 712 1678 fils
738 1643 784 1678 de
814 1643 988 1690 Philippe
1015 1643 1061 1680 de
1084 1644 1230 1691 Valois‚
1260 1646 1395 1692 nequit
1422 1647 1444 1682 a
1463 1646 1556 1682 Vin-

146 1712 311 1748 cenne5‚
344 1702 380 1738 le
417 1702 439 1738 2
467 1702 594 1749 juillet
627 1702 717 1738 1336
753 1703 925 1746 (Grandes
964 1704 1208 1748 Chroniques‚
1243 1710 1272 1740 t.
1304 1705 1354 1750 V,
1389 1717 1424 1752 p.
1459 1706 1553 1751 365).

144 1761 199 1797 Le
220 1761 263 1797 16
284 1760 382 1797 avril
402 1760 507 1806 1344,
530 1760 707 1807 Philippe
729 1760 785 1796 VI
808 1761 859 1796 lui
880 1760 1009 1797 donna
1039 1773 1088 1797 en
1110 1773 1283 1810 apanage
1305 1763 1339 1799 le
1363 1765 1488 1800 comte
1509 1764 1554 1800 de

146 1818 281 1855 Valois
303 1824 341 1855 et
361 1819 396 1854 le
417 1818 542 1856 duche
565 1818 778 1856 d'Orleans.
808 1840 854 1846 —
880 1819 955 1855 Les
985 1820 1145 1856 Grandes
1174 1822 1402 1866 Gltronz'ques
1427 1825 1550 1867 (mich,

144 1890 181 1926 p.
205 1878 283 1923 366)
306 1878 426 1914 fixent
446 1878 483 1914 la
503 1878 590 1914 date
610 1877 656 1914 de
677 1883 778 1914 cette
799 1879 968 1925 tempete
989 1890 1038 1914 au
1060 1880 1081 1915 4
1103 1881 1193 1916 aout
1216 1880 1328 1922 1336;
1352 1881 1437 1917 leur
1456 1883 1554 1918 rela-

144 1939 242 1984 tion,
257 1938 343 1985 plus
362 1938 493 1984 breve,
515 1938 705 1974 concorde
727 1949 822 1974 avec
843 1938 938 1975 celle
953 1938 998 1974 de
1020 1939 1056 1974 la
1078 1940 1382 1984 Ghronoyraphm
1403 1951 1500 1986 pour
1521 1942 1555 1978 le

146 1997 251 2045 fond,
271 1997 370 2033 mais
390 2007 469 2033 non
490 2008 586 2044 pour
607 1997 644 2033 la
664 1998 806 2040 forme;
832 1998 905 2034 elle
926 2003 983 2034 est
1004 1997 1199 2033 d'ailleurs
1221 1998 1348 2034 moins
1369 2000 1558 2046 complete

146 2067 286 2095 encore
307 2057 403 2093 dans
423 2057 460 2092 la
482 2058 688 2103 Chronz'que
709 2057 758 2093 du
780 2057 1055 2094 continuateur
1076 2057 1121 2093 de
1143 2057 1364 2094 Guillaume
1385 2057 1431 2093 de
1452 2059 1557 2095 Nan-

146 2115 204 2163 gis
226 2117 265 2158 (t.
287 2114 339 2160 H,
360 2126 398 2161 p.
422 2115 516 2160 154).
539 2116 595 2151 La
623 2117 832 2161 Ghronz‘que
864 2117 922 2151 des
951 2119 1082 2161 quatre
1103 2118 1284 2160 premiers
1310 2117 1426 2151 Valois
1454 2117 1501 2163 (p.
1525 2117 1556 2161 3)

148 2184 188 2210 se
207 2173 328 2210 borne
349 2173 371 2209 a
390 2173 472 2210 dire
504 2186 511 2209 ι
543 2187 558 2208 <1
585 2174 649 2218 Et,
671 2185 822 2210 comme
848 2174 921 2210 elle
942 2174 1078 2221 gesoit,
1100 2174 1126 2209 il
1157 2174 1241 2210 vint
1268 2185 1344 2210 une
1371 2180 1559 2222 tempeste

150 2247 166 2266 «
188 2232 293 2268 audit
313 2232 405 2269 Bois
427 2235 475 2269 ou
496 2233 522 2268 il
544 2233 650 2269 avoit
670 2233 862 2280 malignes
883 2233 1043 2279 esperis.
1070 2246 1085 2266 »

194 2292 229 2327 2.
252 2291 410 2328 Charles
431 2292 488 2328 IV
509 2293 542 2328 le
564 2292 636 2328 Bel
657 2293 761 2329 avait
781 2293 917 2340 essaye
939 2291 1094 2327 d'abord
1114 2291 1369 2329 d’entretenir
1390 2303 1484 2329 avec
1506 2293 1560 2329 lui

149 2351 215 2387 des
236 2350 420 2386 relations
435 2350 729 2398 diplomatiques
745 2355 782 2386 et
797 2351 851 2386 lui
867 2350 970 2386 avait
985 2351 1135 2397 envoye
1150 2362 1203 2386 un
1219 2351 1367 2386 certain
1384 2351 1560 2387 Bonnes-

149 2408 289 2445 Maius.
318 2409 351 2444 Il
380 2414 438 2444 est
468 2409 649 2455 prohable
683 2420 757 2456 que
791 2420 833 2446 ce
866 2409 1020 2445 dernier
1052 2409 1145 2445 etait
1173 2410 1301 2446 meme
1328 2415 1486 2456 porteur
1515 2410 1560 2446 de

150 2468 342 2513 cadeaux,
371 2478 454 2513 car,
481 2474 601 2515 ayant
629 2469 689 2504 ete
716 2468 805 2515 pille
833 2479 882 2504 en
910 2473 1039 2513 route,
1067 2468 1093 2503 il
1119 2468 1258 2504 estima
1285 2479 1346 2505 ses
1379 2475 1505 2516 pertes
1538 2469 1561 2504 a

151 2526 258 2572 6,000
280 2526 397 2562 livres
417 2526 557 2572 parisis
580 2527 677 2573 (Lot,
701 2529 837 2572 Projets
857 2528 899 2562 cle
919 2528 1080 2562 croisade
1105 2538 1188 2563 sous
1217 2527 1366 2563 Charias
1395 2530 1424 2563 le
1449 2529 1508 2563 Bel
1528 2532 1561 2563 et

149 2597 232 2622 sous
247 2586 409 2630 Philippe
421 2587 463 2620 de
482 2586 608 2630 Valois‚
624 2587 870 2631 Bibliotheque
882 2587 923 2621 de
935 2579 1062 2622 z’Ecoze
1075 2588 1133 2621 des
1148 2588 1303 2631 charles,
1316 2587 1558 2631 anne'e1859,

150 2650 180 2682 t.
208 2644 305 2690 XX,
333 2655 369 2690 p.
402 2643 496 2687 503).
527 2643 589 2679 En
618 2644 723 2690 1331,
754 2644 788 2681 le
819 2644 991 2680 cardinal
1016 2645 1236 2692 patriarche
1268 2644 1313 2680 de
1339 2644 1558 2680 Jerusalem

153 2705 281 2740 revint
310 2703 424 2739 d'unc
454 2703 617 2739 mission
643 2703 909 2740 infructueuse
934 2706 1071 2751 aupres
1101 2703 1149 2739 du
1181 2704 1337 2740 Soudan
1368 2716 1374 2738 z
1407 2703 1557 2739 l'annee

155 2762 353 2809 suivante,
378 2761 444 2798 des
470 2761 602 2798 lettres
628 2761 674 2798 de
705 2761 778 2797 defi
805 2761 859 2798 lui
886 2762 1013 2799 furent
1042 2763 1194 2809 portees
1220 2773 1288 2808 par
1315 2761 1486 2809 l’eveque
1512 2761 1559 2797 de
