1923 3358
378 271 446 309 ‘242
649 272 1019 306 OHRONOGRAPHIA
1045 271 1198 303 REGUM
1222 270 1501 303 FRANCORUM.
1673 268 1776 315 [1347

377 356 455 417 qui
481 354 540 401 de
568 352 758 399 Francia
787 350 990 397 redierat
1021 349 1079 396 ad
1111 354 1270 413 partes
1296 349 1465 406 scotie,
1493 358 1778 416 congregato

377 446 546 493 magno
569 428 793 485 exercitu,
818 426 1008 474 intravit
1033 426 1245 490 Angliam
1266 431 1313 472 et
1338 425 1540 488 patriam
1566 426 1782 476 devasta-

376 507 442 553 vit
462 522 610 568 usque
635 504 694 552 ad
720 504 1078 552 Dunelmensem
1104 502 1340 550 civitatem
1359 503 1407 550 in
1426 519 1568 566 quam
1591 503 1782 552 intravit

374 599 481 630 cum
501 583 663 630 decem
683 580 870 628 milibus
890 581 1020 628 viris,
1045 581 1305 644 Episcopus
1326 587 1482 628 autem
1503 581 1783 630 Dunelmen-

373 660 436 707 sis
469 665 515 707 et
547 659 765 707 dominus
799 658 857 706 de
889 657 1176 714 Pressiaco¹,
1206 674 1313 705 cum
1345 674 1513 722 magna
1543 658 1712 706 milicia
1737 664 1784 706 et

372 735 460 783 illis
478 736 537 782 de
561 735 762 792 civitate,
788 735 941 782 taliter
957 750 1006 781 se
1023 734 1349 782 deffenderunt
1375 733 1503 797 quod
1524 750 1609 781 rex
1634 734 1783 782 David

373 812 431 859 ab
458 812 525 859 eis
550 812 700 859 victus
727 817 774 858 et
798 816 963 873 captus
989 816 1078 867 est,
1101 810 1296 858 comites
1322 810 1381 858 de
1408 810 1618 858 Landas²
1649 815 1696 858 et
1722 810 1781 858 de

372 888 625 946 Boucharn,
662 887 930 936 Guillelmus
966 887 1136 951 Duglas
1172 893 1218 934 et
1253 887 1412 950 plures
1449 887 1543 935 alii.
1584 890 1784 951 Insuper

371 966 510 1013 occisi
528 971 636 1013 sunt
655 965 761 1028 plus
782 980 923 1028 quam
942 964 1166 1011 trecenti3
1189 964 1358 1012 milites
1377 963 1435 1011 de
1455 963 1626 1011 Scotia.
1647 964 1782 1011 Acci-

373 1043 441 1089 dit
481 1048 637 1090 autem
683 1042 795 1089 illud
840 1042 1013 1089 bellum
1054 1057 1214 1089 mense
1253 1041 1392 1105 julio,
1436 1058 1557 1089 anno
1598 1041 1783 1089 Domini

372 1125 423 1167 Μο
447 1126 550 1168 000Ο
575 1120 769 1169 XLv1104.

435 1200 502 1244 Eo
528 1203 656 1254 tunc,
677 1213 784 1244 cum
801 1213 885 1243 rex
909 1196 1149 1259 Philippus
1175 1195 1337 1243 ivisset
1352 1195 1667 1253 Attrebatum,
1687 1195 1777 1243 tria

372 1273 496 1320 milia
521 1274 868 1337 Flamingorum
893 1272 1179 1320 transierunt
1203 1272 1399 1320 fluvium
1419 1272 1537 1320 Lisie
1559 1289 1645 1336 per
1664 1289 1784 1336 pon-

373 1355 467 1396 tem
484 1350 562 1413 qui
582 1351 889 1398 Warneston5
906 1349 1076 1396 dicitur
1092 1354 1138 1396 et
1155 1349 1448 1397 intraverunt
1461 1349 1776 1397 castellaniam

373 1426 431 1473 de
457 1427 638 1474 Insulis.
660 1427 893 1476 Johannes
914 1426 1106 1489 quidem
1125 1426 1183 1474 de
1201 1427 1551 1491 Luxemburgo,
1573 1426 1784 1474 castella-

374 1520 477 1561 nus,
500 1520 607 1551 cum
633 1504 986 1569 quadringentis
1011 1503 1278 1552 hominibus
1305 1520 1546 1551 armorum
1572 1509 1619 1551 et
1647 1503 1783 1566 quin-

372 1580 522 1643 gentis
541 1579 794 1643 peditibus,
826 1585 1055 1627 venerunt
1080 1585 1242 1627 contra
1266 1596 1346 1627 eos
1370 1580 1416 1626 in
1443 1579 1648 1643 quadam
1672 1579 1778 1626 villa

375 1748 712 1786 commandement
732 1749 778 1785 de
799 1749 919 1785 Gilles
946 1749 1211 1796 Boceanegra‚
1234 1759 1305 1786 son
1332 1748 1483 1796 amiral,
1506 1759 1583 1785 une
1610 1749 1717 1785 ssotte
1738 1748 1783 1784 de

374 1811 442 1847 200
462 1810 632 1858 navires,
654 1817 895 1858 moyennant
916 1823 968 1847 un
989 1816 1212 1847 versement
1232 1810 1276 1847 de
1303 1811 1435 1856 20,000
1462 1811 1596 1847 florins
1617 1811 1738 1856 (Ibat,
1763 1810 1784 1845 ὲ

375 1870 411 1906 la
431 1870 518 1906 date
538 1870 587 1906 du
610 1871 651 1907 14
669 1870 796 1917 juillet
821 1870 938 1911 1349).

423 1930 456 1965 1.
479 1929 531 1965 Le
554 1929 735 1975 seigneur
755 1928 800 1964 de
821 1930 945 1976 Percy
967 1934 1003 1965 et
1024 1929 1196 1976 l’e'veque
1212 1928 1257 1965 de
1273 1928 1448 1964 Durham
1465 1928 1784 1965 commanderent

374 1998 422 2022 en
449 1986 552 2032 esset,
575 1986 731 2022 suivant
756 1986 961 2033 Froissart‚
984 1998 1037 2022 un
1066 1986 1131 2022 des
1160 1996 1271 2033 corps
1300 1986 1468 2023 d'armee
1497 1985 1628 2023 reunis
1654 1997 1722 2033 par
1748 1985 1784 2021 la

374 2046 480 2082 reine
501 2042 786 2091 d‘Angleterre.

421 2104 455 2140 2.
479 2104 678 2140 Peut-etre
700 2103 733 2139 10
756 2108 882 2139 comte
903 2103 949 2139 de
969 2102 1153 2151 Lindsay.

423 2163 455 2199 3.
479 2164 552 2199 Les
581 2165 784 2200 Ancz’ennes
812 2165 1030 2209 chroniques
1057 2166 1098 2200 de
1125 2166 1282 2201 Flandre
1313 2166 1436 2210 (Istore
1462 2168 1494 2200 et
1522 2166 1714 2210 croniques
1740 2164 1781 2199 de

374 2223 560 2267 Flandres,
584 2228 612 2258 t.
635 2223 686 2268 ΙΙ,
707 2234 741 2269 p.
767 2223 822 2267 53)
845 2222 1019 2259 (lonnent
1034 2223 1067 2260 10
1084 2223 1218 2260 chiffre
1233 2223 1279 2260 de
1295 2223 1400 2268 3‚000
1416 2223 1631 2260 chevaliers
1645 2228 1779 2260 morts.

376 2280 484 2316 Celui
516 2281 560 2316 de
594 2286 704 2318 notre
737 2282 948 2329 chronique
983 2293 1022 2319 se
1054 2283 1265 2329 rapproche
1298 2282 1387 2319 bien
1420 2283 1636 2331 davantage.
1667 2283 1713 2319 de
1748 2283 1783 2318 la

376 2338 525 2376 realite.

423 2399 457 2433 4.
481 2398 532 2434 Ge
565 2399 716 2435 combat
749 2400 805 2436 fut
837 2401 933 2437 livre
967 2412 1045 2437 non
1077 2412 1145 2448 pas
1173 2413 1220 2437 au
1255 2401 1354 2438 mois
1383 2402 1428 2438 de
1455 2402 1594 2449 juillet,
1623 2402 1720 2438 mais
1748 2402 1782 2438 le

377 2458 418 2492 17
443 2458 596 2493 octobre
619 2459 720 2494 1346.
745 2459 846 2495 C'est
867 2461 904 2495 la
924 2460 1078 2497 bataille
1100 2461 1145 2497 de
1167 2461 1327 2497 Nevill's
1350 2461 1478 2497 Cross

423 2515 456 2551 5.
479 2514 813 2564 Warneton-Sud,
841 2518 960 2564 Nord,
989 2519 1321 2556 arrondissement
1346 2519 1391 2555 de
1418 2520 1529 2565 Lille,
1562 2524 1705 2556 canton
1731 2518 1780 2554 du

375 2574 796 2620 Quesnoy-sur-I)eule.
826 2576 1016 2613 Froissart
1043 2585 1152 2624 porte
1180 2579 1212 2614 le
1243 2578 1404 2615 nombre
1430 2578 1496 2615 des
1525 2576 1730 2614 Flamands
1759 2578 1781 2612 Ξι

375 2636 464 2668 cent
484 2631 608 2675 mille;
631 2632 655 2667 il
674 2639 730 2668 est
745 2633 880 2671 inutile
896 2635 941 2672 de
956 2636 1051 2672 faire
1074 2637 1252 2673 ressortir
1266 2637 1542 2684 l‘exage'ration
1559 2636 1717 2672 ridicule
1734 2635 1779 2671 (10

374 2701 417 2727 00
439 2691 573 2727 cliiss're
595 2691 810 2738 (Froissart,
833 2694 891 2729 ed.
916 2695 1033 2742 Luce,
1056 2700 1084 2732 t.
1106 2695 1177 2742 IV,
1198 2707 1233 2743 p.
1257 2696 1352 2742 273).
1376 2695 1432 2732 Cf.
1455 2697 1655 2731 Anciennes
1670 2695 1779 2730 chro-

373 2752 500 2795 niques
515 2752 555 2786 de
569 2751 726 2786 Flandre
749 2753 869 2796 (Istore
890 2757 921 2788 et
941 2757 1132 2799 croniques
1153 2756 1193 2790 de
1208 2756 1397 2799 flandras,
1412 2760 1440 2790 t.
1458 2754 1508 2801 II,
1524 2765 1561 2800 p.
1579 2753 1622 2789 53
1645 2759 1682 2790 et
1704 2754 1776 2796 5'1).
