1923 3358
362 253 430 289 236
633 252 1002 285 CHRONOGRAPHIA
1029 251 1182 283 REGUM
1207 251 1486 283 FRANCORUM.
1657 248 1763 295 [1346

361 340 479 382 teret
519 346 736 394 magnam
775 334 963 394 gentem
1004 329 1061 376 ad
1097 330 1467 393 recuperandam
1508 331 1759 388 civitatem,

361 407 634 472 depredavit
653 423 756 453 eam
782 411 826 452 et
852 412 1015 470 postea
1039 406 1250 463 recessit,
1275 423 1330 453 eo
1352 406 1479 469 quod
1503 413 1626 454 esset
1645 407 1764 455 male

360 486 535 540 clausa;
561 483 821 547 positisque
851 482 1064 530 soldariis
1097 482 1143 529 in
1172 483 1360 529 castello
1392 482 1451 529 de
1484 482 1760 547 Lizegneyo,

358 563 403 608 in
435 563 603 608 Sancto
628 560 834 608 Johanne
860 559 1093 624 Angeliaci
1119 565 1165 606 et
1190 559 1237 606 in
1267 559 1480 623 pluribus
1506 559 1606 607 aliis
1631 559 1761 617 locis,

358 637 546 685 intravit
565 654 694 685 mare
720 636 845 700 apud
861 636 1169 701 Burdegalam
1191 652 1244 684 ac
1261 636 1369 684 inde
1389 636 1502 684 abiit
1527 636 1585 684 ad
1604 652 1766 702 regem

358 714 520 778 Anglie
545 714 591 761 in
618 713 862 762 obsidione
887 714 1072 762 Kalesii.

423 792 613 839 Interim
638 808 724 839 rex
749 791 938 838 Francie
964 791 1088 838 misit
1114 790 1409 838 Attrebatum
1436 790 1604 838 ducem
1625 790 1767 837 Athe-

358 885 524 916 narum
543 886 631 932 pro
660 868 869 916 custodia
890 867 1055 931 patrie,
1083 867 1140 914 ad
1168 867 1433 915 Boloniam1
1463 866 1682 914 comitem
1709 867 1767 915 de

357 945 646 1010 Joingniaco‚
676 945 899 993 Karolum
932 944 990 992 de
1025 944 1261 1007 Hispania,
1291 944 1534 991 dominum
1567 944 1765 1008 Bellijoci

359 1029 405 1070 et
445 1022 688 1069 dominum
730 1022 788 1069 de
824 1021 1041 1078 Moroli03
1086 1021 1144 1068 ad
1185 1023 1404 1068 Sanctum
1445 1020 1767 1068 Audomarum

359 1099 600 1147 dominum
627 1100 685 1147 de
710 1098 883 1163 Nigella
908 1104 954 1145 et
982 1097 1224 1145 dominum
1251 1098 1308 1145 de
1337 1098 1554 1145 Neredon
1571 1098 1606 1154 2,
1637 1105 1682 1145 et
1709 1097 1766 1145 ad

358 1176 705 1225 Monsteriolum
733 1175 951 1223 comitem
977 1174 1036 1222 de
1063 1174 1331 1222 Salbrucha.
1363 1174 1436 1222 Sic
1462 1174 1661 1222 munivit
1683 1191 1769 1222 rex

359 1253 550 1301 Francie
579 1253 700 1300 dicta
731 1253 830 1300 loca
858 1258 1053 1315 propter
1081 1252 1298 1316 Anglicos
1325 1258 1372 1299 et
1396 1251 1661 1316 Flamingos
1687 1252 1768 1315 qui

359 1330 559 1377 invicem
594 1329 878 1376 confederati
912 1334 1061 1386 erant,
1100 1345 1283 1376 necnon
1317 1334 1516 1392 propter
1551 1329 1769 1415 Anglicos

360 1407 440 1469 qui
466 1405 748 1454 obsidebant
774 1405 1026 1452 Kalesium.

423 1488 489 1531 Eo
538 1490 753 1547 tempore
806 1482 1092 1540 Ludovicus,
1146 1483 1267 1530 filius
1319 1482 1503 1529 comitis
1556 1480 1769 1530 Flandrie

360 1560 564 1608 defuncti
583 1560 708 1623 apud
729 1559 1034 1615 Cressiacum‚
1059 1565 1159 1606 erat
1178 1559 1225 1605 in
1247 1559 1457 1606 custodia
1480 1559 1605 1624 regis
1626 1562 1770 1606 Fran-

362 1637 447 1684 cie.
471 1640 661 1684 Factum
687 1643 757 1683 est
782 1641 937 1683 autem
965 1636 1315 1683 matrimonium
1342 1636 1399 1683 de
1421 1635 1590 1684 eodem
1616 1636 1770 1684 Ludo-

363 1713 465 1760 vico
499 1719 543 1760 et
578 1712 636 1759 de
671 1712 762 1759 filia
798 1711 928 1761 ducis
963 1711 1234 1768 Brabancie,
1274 1712 1339 1758 sic
1376 1711 1502 1774 quod
1536 1711 1636 1775 ipse
1673 1712 1770 1759 dux

362 1789 644 1852 relinqueret
665 1789 1021 1837 conventionem
1041 1805 1183 1851 quam
1200 1788 1402 1836 habebat
1418 1805 1525 1836 cum
1543 1789 1765 1853 Anglicis.

362 1870 453 1913 Nec
470 1867 668 1914 multum
688 1872 795 1929 post
815 1866 939 1913 idem
965 1866 1227 1913 Ludovicus
1247 1866 1360 1913 abiit
1386 1866 1431 1912 in
1456 1866 1765 1922 Flandriam3,

362 1943 440 1991 ubi
461 1950 678 2006 receptus
703 1950 774 1991 est.
800 1961 825 1990 a
850 1943 1100 2007 Flamingis
1127 1950 1267 2006 atque
1294 1943 1555 1991 redditibus
1577 1943 1770 1991 comita-

361 2025 437 2067 tus
453 2020 659 2082 plenarie
677 2019 882 2084 gavisus,
904 2020 1009 2067 licet
1027 2019 1252 2084 Flamingi
1270 2036 1363 2067 non
1382 2019 1533 2068 adhuc
1548 2019 1770 2068 volebant

362 2096 555 2145 obedire
575 2098 676 2162 regi
695 2097 903 2145 Francie.

427 2176 483 2220 Et
519 2190 603 2220 rex
643 2173 805 2237 Anglie
842 2172 1001 2221 audito
1036 2173 1164 2236 quod
1204 2173 1355 2221 dictus
1397 2188 1515 2236 puer
1552 2180 1770 2238 receptus

411 2317 444 2352 1.
468 2316 530 2352 Au
551 2318 649 2353 mois
669 2318 803 2355 d'avril
826 2318 930 2364 1347,
953 2318 986 2353 le
1009 2317 1200 2365 capitaine
1228 2317 1273 2353 de
1301 2317 1472 2354 l'establie
1498 2316 1543 2352 de
1569 2316 1769 2365 Boulogne

365 2375 457 2411 etait
486 2388 499 2408 α
524 2376 703 2413 dominus
730 2377 910 2414 Galesius
935 2377 1098 2414 Gemelli
1122 2391 1137 2410 »
1170 2377 1314 2422 (Viard‚
1341 2379 1539 2413 Journauoe
1564 2378 1615 2412 du
1644 2378 1770 2412 Tresor

362 2436 404 2469 de
424 2435 588 2479 Philippa
615 2436 657 2470 VI
675 2438 714 2471 de
743 2439 871 2476 Valoz's‚
895 2437 917 2472 a*
938 2438 973 2472 la
994 2436 1080 2472 date
1101 2436 1150 2471 du
1173 2436 1215 2471 15
1237 2447 1342 2471 mars
1364 2436 1467 2481 1350,
1491 2446 1529 2470 n.
1554 2436 1632 2479 st.).

409 2492 445 2529 2.
468 2493 542 2529 Les
572 2494 774 2530 Ana-tennes
803 2497 1020 2540 chroniques
1050 2496 1090 2530 de
1120 2496 1276 2530 Mandra
1306 2496 1433 2541 (Istore
1458 2498 1490 2529 et
1516 2497 1706 2539 crom'ques
1729 2495 1769 2529 de

366 2553 552 2593 Flandres,
576 2557 603 2587 t.
627 2551 677 2597 ΙΙ,
700 2564 735 2598 p.
759 2554 814 2595 48)
839 2553 1013 2590 ecrivent
1031 2568 1045 2586 «
1066 2553 1097 2590 le
1121 2553 1301 2600 seigneur
1326 2552 1370 2588 de
1387 2552 1558 2589 Medon»
1577 2552 1636 2597 (cf.
1655 2553 1767 2589 Chro-

366 2613 475 2655 niquc
496 2612 710 2652 normantia,
734 2623 769 2657 p.
793 2612 851 2657 83,
874 2618 964 2649 noto
985 2613 1034 2658 5),
1055 2618 1092 2648 et
1114 2612 1167 2648 lui
1189 2612 1269 2648 font
1289 2612 1390 2648 tenir
1415 2611 1597 2658 garnison
1617 2611 1639 2646 a
1658 2609 1765 2646 Airo.

414 2669 445 2704 3.
470 2669 600 2713 Louis,
622 2674 746 2705 comte
768 2669 812 2705 de
841 2670 1020 2716 Flandre,
1043 2670 1126 2706 vint
1147 2670 1242 2707 dans
1270 2681 1331 2707 ses
1357 2677 1480 2707 terres
1499 2670 1565 2706 des
1592 2670 1625 2705 le
1652 2669 1766 2705 debut

367 2726 416 2762 dn
438 2727 534 2763 mois
555 2727 599 2762 de
621 2727 827 2763 novembre
850 2728 951 2764 1346.
