1923 3358
385 284 452 320 284
658 284 1030 317 CHRONOGRAPHIA
1055 282 1209 315 REGUM
1233 280 1513 314 FRANCORUM.
1684 280 1789 326 [1358

384 366 580 429 pulsata,
616 363 920 428 congregavit
955 363 1270 410 communiam
1306 361 1506 409 civitatis
1539 362 1599 409 ad
1632 363 1790 411 debel-

382 441 571 489 landum
605 439 838 497 inimicos,
881 439 963 486 sed
1003 439 1065 486 illi
1105 438 1320 485 exierunt
1360 443 1406 485 et
1441 436 1657 485 abierunt
1691 439 1790 486 sine

381 518 518 566 bello.
548 518 674 564 Tunc
699 517 850 580 major
874 516 953 579 qui
974 516 1204 564 Firminus
1225 515 1283 563 de
1306 514 1643 577 Quoquerello1
1667 514 1790 563 dice-

379 595 532 650 batur,
554 598 717 656 captus
737 598 808 640 est
827 598 872 639 et
893 592 1147 640 decollatus
1169 607 1276 639 cum
1302 590 1458 638 multis
1478 590 1634 646 aliis2;
1657 591 1790 638 multi

378 670 534 727 etiam,
561 671 731 718 timore
758 670 1006 726 moriendi,
1031 670 1252 734 fugerunt
1277 685 1384 716 cum
1403 667 1640 715 Navarris.
1664 672 1789 717 Tunc

375 747 711 795 Ambianenses
761 747 1096 795 destruxerunt
1142 762 1282 794 omne
1329 745 1456 808 quod
1501 751 1790 792 remanserat

376 830 509 872 extra
527 831 735 872 veterem
752 825 1039 881 firmitatem,
1057 823 1138 872 ubi
1157 829 1264 871 ante
1282 822 1637 871 destruxionem
1651 828 1787 869 erant

376 901 480 964 plus
506 917 647 964 quam
672 901 761 948 tria
781 901 905 948 milia
926 900 1177 948 domorum
1201 906 1246 947 et
1264 900 1408 948 multe
1432 899 1673 947 ecclesie3.
1694 901 1789 946 Hec

374 982 530 1024 autem
555 977 824 1025 acciderunt
848 978 894 1024 in
922 977 1102 1041 prefata
1127 976 1314 1024 civitate
1334 977 1381 1024 in
1403 992 1563 1024 mense
1581 981 1788 1039 septem·

373 1053 446 1101 bri
472 1053 577 1101 anni
606 1053 818 1117 prefati4.

437 1132 503 1177 Eo
538 1135 754 1193 tempore
789 1129 999 1185 Navarri,
1037 1128 1117 1192 qui
1154 1144 1314 1176 secum
1348 1128 1583 1176 habebant
1614 1129 1786 1178 multos

372 1206 611 1271 Anglicos,
660 1207 936 1263 Almannos,
984 1206 1328 1254 Hasnonienses
1374 1213 1420 1254 et
1467 1206 1625 1270 plures
1671 1207 1785 1255 alios

372 1283 623 1346 populares
661 1283 719 1331 de
758 1283 965 1339 Francia,
1010 1283 1108 1330 sine
1149 1283 1468 1331 misericordia
1502 1289 1582 1330 aut
1619 1283 1784 1347 gladiis

367 1359 657 1424 jugulabant,
687 1365 766 1407 aut
792 1360 965 1407 strictis
991 1360 1258 1408 carceribus
1282 1360 1626 1424 mancipabant.

436 1440 664 1499 Tempore
691 1437 785 1494 illo,
810 1437 1005 1484 Navarri
1030 1437 1301 1501 congregati
1326 1443 1434 1485 sunt
1456 1437 1502 1484 in
1524 1437 1716 1484 Francia
1735 1437 1782 1484 in

371 1511 557 1559 castello
591 1512 649 1560 de
683 1515 842 1577 Longo
877 1512 923 1559 in
959 1513 1235 1560 Pontivum⁵
1268 1518 1314 1561 et
1349 1513 1551 1576 patriam
1582 1513 1782 1561 circum-

369 1594 570 1637 stantem
603 1589 849 1653 depredati
885 1595 1009 1638 sunt.
1046 1594 1173 1638 Tunc
1204 1590 1473 1655 congregati
1509 1596 1617 1638 sunt
1650 1590 1782 1638 multi

369 1665 427 1712 de
460 1665 581 1712 villis
615 1666 834 1722 Arthesii,
864 1666 1071 1714 Picardie
1106 1672 1151 1715 et
1185 1667 1366 1714 Pontivi
1399 1667 1709 1730 abieruntque
1736 1673 1782 1715 et

369 1741 656 1789 obsederunt
675 1745 911 1806 Longum;
935 1743 1017 1790 sed
1036 1743 1143 1790 inde
1164 1750 1460 1792 recesserunt
1482 1744 1618 1791 nichil
1637 1760 1778 1809 agen-

367 1824 454 1875 tes,
483 1835 570 1881 per
594 1818 838 1866 consilium
869 1818 979 1866 dicti
1011 1820 1195 1867 comitis
1222 1820 1373 1868 Sancti
1407 1820 1551 1877 Pauli,
1581 1827 1780 1884 propter

367 1897 556 1956 tempus
576 1893 791 1942 hiemale.

431 1972 532 2017 Non
566 1971 766 2018 multum
799 1976 909 2034 post
944 1972 1137 2020 Navarri
1171 1979 1397 2037 ceperunt
1432 1973 1589 2021 villam
1624 1974 1777 2022 Sancti

416 2106 447 2140 1.
472 2105 548 2141 Sur
569 2115 612 2142 ce
633 2116 739 2151 nom,
762 2106 846 2143 voir
867 2107 1075 2152 Chronique
1095 2109 1312 2153 normande,
1337 2120 1373 2156 p.
1398 2108 1480 2154 317,
1502 2114 1593 2146 note
1613 2109 1648 2145 2.

414 2164 450 2200 ἱ).
471 2164 611 2200 L'abbe
632 2165 681 2201 du
703 2164 807 2201 Gard
829 2165 931 2202 subit
947 2166 981 2202 le
1002 2168 1128 2203 meme
1150 2172 1229 2203 sort
1245 2177 1339 2204 avec
1359 2167 1552 2214 plusieurs
1571 2167 1776 2216 bourgeois

368 2222 586 2270 (Froissart,
610 2223 668 2260 ed.
692 2223 808 2270 Luce,
833 2229 860 2260 t.
878 2224 928 2271 V,
950 2236 986 2272 p.
1006 2225 1072 2261 129
1094 2230 1131 2261 et
1153 2225 1246 2271 130).
1269 2225 1345 2261 Les
1367 2227 1530 2262 Grandes
1551 2227 1774 2273 Cltrom'ques

367 2282 405 2327 (t.
435 2281 504 2325 VI,
532 2292 568 2328 p.
600 2282 678 2328 141)
710 2293 749 2319 se
782 2283 947 2320 bornent
977 2284 999 2319 a
1032 2284 1128 2320 citer
1159 2284 1327 2332 Jacques
1354 2284 1399 2320 de
1428 2284 1709 2323 Saint-Fucien
1736 2293 1774 2323 et

365 2345 500 2387 quatre
526 2346 655 2377 autres
675 2341 894 2390 hourgeois.

412 2398 446 2434 3.
470 2397 601 2434 Parmi
632 2399 836 2446 lesquelles
867 2401 968 2436 Jean
999 2400 1045 2437 de
1073 2400 1243 2438 Venette
1271 2401 1345 2438 cite
1375 2401 1469 2438 trois
1497 2404 1739 2440 monasteres
1763 2417 1769 2438 :

366 2465 464 2492 ceux
484 2455 550 2492 des
574 2455 857 2503 Dominieains,
880 2458 946 2495 des
967 2459 1105 2495 Freres
1127 2459 1302 2496 Mineurs
1323 2465 1360 2496 et
1381 2460 1447 2497 des
1468 2458 1699 2508 Augustius.

411 2516 445 2550 4.
471 2515 513 2551 16
536 2515 752 2561 septembre
776 2517 878 2554 1358.

411 2574 445 2609 5.
469 2574 593 2620 Long,
616 2574 788 2622 Somme,
811 2577 1143 2614 arrondissement
1167 2578 1422 2625 d’Abbeville,
1445 2584 1587 2616 canton
1609 2579 1770 2626 d'Ailly-

366 2632 722 2669 le-Haut—Clochcr.
746 2634 820 2670 Les
847 2636 1056 2672 Navarrais
1082 2637 1343 2674 l'evacuerent
1370 2638 1447 2674 lors
1473 2639 1518 2674 de
1541 2638 1576 2674 la
1601 2638 1701 2684 prise
1724 2638 1769 2673 de

367 2691 640 2739 Saint-Valery
655 2703 722 2739 par
738 2692 793 2728 les
808 2693 995 2743 Franeais
1013 2695 1072 2742 (cf.
1091 2696 1296 2742 Froissart,
1313 2696 1370 2733 ed.
1388 2697 1506 2742 Luce,
1522 2703 1548 2733 t.
1568 2697 1614 2741 V,
1631 2708 1666 2743 p.
1682 2709 1767 2740 xm,

368 2756 457 2784 note
481 2751 524 2795 1).
