1923 3358
335 260 400 297 188
606 259 976 294 GHRONOGRAPHIA
1002 258 1155 290 REGUM
1180 257 1458 289 FRANCORUM.
1629 253 1729 300 [1341

334 341 458 405 quod
498 337 830 401 multiplicibus
870 335 1186 383 invasionibus
1223 351 1308 398 per
1341 341 1529 398 tempus
1563 335 1738 399 aliquot

334 415 638 482 oppugnavit.

399 491 573 541 Accidit
607 493 764 537 autem
795 488 998 552 quadam
1035 488 1136 545 die,
1178 487 1374 536 durante
1417 487 1582 535 eadem
1614 488 1739 536 obsi-

334 571 470 618 dione
511 567 639 631 quod
678 566 898 624 Karolus,
943 582 1050 614 curn
1089 565 1232 612 fratre
1276 582 1386 623 suo,
1430 565 1601 612 comite
1641 564 1741 613 Ble-

333 646 474 702 sensi‚
508 645 626 692 duce
657 644 894 700 Borbonii,
931 643 1168 691 Ludovico
1203 642 1261 690 de
1298 642 1535 706 Hispania,
1573 641 1741 689 comite

334 721 575 772 Guisnensi
601 726 646 768 et
671 720 884 784 pluribus
917 720 1016 768 aliis
1050 736 1266 785 egressus
1293 725 1363 767 est
1399 719 1457 766 de
1490 718 1698 766 exercitu
1728 736 1737 765 z

333 806 378 848 et
395 800 617 847 abeuntes
634 797 693 846 ad
714 797 965 861 quamdam
984 797 1140 844 villam
1157 813 1248 860 que
1266 796 1436 844 dicitur
1450 794 1717 844 Cantafora1
1729 833 1739 851 ‚

332 877 692 925 combusserunt
728 891 831 922 eam
871 874 1090 930 omnino;
1128 879 1384 937 posteaque
1426 873 1643 921 abierunt
1683 872 1743 919 ad

334 969 477 1001 unum
498 951 736 1000 castellum
754 950 941 997 nomine
956 952 1147 1014 Lymo2,
1167 950 1343 997 distans
1360 968 1387 996 a
1408 949 1645 997 Castousel
1659 948 1743 995 tri-

337 1031 424 1078 bus
440 1029 600 1087 leucis,
630 1028 757 1091 quod
778 1027 968 1090 quidem
995 1026 1289 1074 custodiebat
1308 1043 1396 1089 pro
1419 1026 1588 1074 comite
1615 1029 1745 1073 Mon-

335 1107 532 1155 tisfortis
558 1105 749 1169 quidam
770 1104 956 1151 nomine
977 1104 1245 1151 Mannianus
1266 1120 1371 1151 cum
1394 1108 1583 1150 centum
1610 1103 1745 1166 quin-

336 1184 556 1248 quaginta
583 1181 798 1230 soldariis
825 1188 872 1228 et
897 1181 1007 1228 illud
1032 1180 1253 1228 audacter
1278 1180 1595 1228 deffendebat.

398 1260 559 1308 Franci
590 1275 778 1322 quoque
809 1263 934 1305 tanta
963 1257 1137 1305 virtute
1162 1258 1318 1321 ipsum
1349 1257 1748 1321 impugnaverunt

336 1337 485 1401 quod,
524 1336 714 1399 repletis
753 1335 964 1391 fossatis,
1007 1335 1193 1382 bassam
1228 1334 1405 1382 curiam
1441 1340 1667 1398 ceperunt
1702 1340 1749 1381 et

336 1414 711 1469 combusserunt,
742 1412 804 1459 ita
831 1417 882 1459 ut
912 1412 1181 1475 capitaneus
1212 1417 1259 1458 et
1292 1411 1372 1475 qui
1405 1427 1564 1459 secum
1590 1416 1743 1464 erant,

337 1492 564 1539 intrarent
590 1491 635 1538 in
662 1489 864 1553 quadam
896 1495 1050 1546 turre;
1083 1494 1130 1536 et
1155 1488 1354 1536 finaliter
1379 1488 1594 1535 videntes
1621 1487 1748 1550 quod

338 1569 528 1616 minime
566 1573 759 1631 possent
789 1566 1026 1624 resistere,
1064 1566 1340 1613 castellanus
1375 1565 1491 1612 dixit
1523 1565 1750 1612 consociis

339 1645 464 1709 quod
505 1645 701 1692 Karolus
741 1648 864 1690 esset
906 1643 1127 1706 proprius
1168 1642 1386 1690 dominus
1427 1642 1661 1689 Britannie
1703 1648 1748 1689 et

339 1722 465 1786 quod
493 1722 669 1769 bonurn
694 1725 817 1767 esset
853 1719 919 1766 eis
950 1719 1150 1767 reddere
1189 1719 1276 1767 sibi
1314 1719 1573 1777 castellum,
1610 1718 1750 1766 salvis

339 1798 616 1862 corporibus
637 1804 684 1845 et
710 1796 846 1844 bonis
873 1795 987 1843 suis.

404 1878 611 1938 Cumque
655 1890 740 1937 per
778 1888 967 1921 murum
1005 1872 1187 1920 locutus
1229 1878 1352 1920 esset
1389 1872 1584 1930 Karolo,
1627 1872 1750 1920 idem

339 1952 536 2001 Karolus
559 1950 718 1998 annuit
739 1950 779 1997 ei
800 1950 1078 2013 petitionem
1096 1965 1256 2006 suam3
1277 1956 1323 1997 et
1344 1966 1451 1998 cum
1476 1949 1751 1998 castellanus

389 2099 420 2132 1.
443 2097 670 2144 Carquefou,
687 2094 1048 2141 Loire-Inferieure‚
1065 2094 1395 2132 arrondissement
1410 2094 1456 2133 de
1470 2095 1635 2141 Nautes,
1650 2095 1751 2133 chef-

344 2156 421 2191 licu
441 2155 486 2191 de
510 2160 667 2191 canton.

387 2215 422 2250 2.
445 2214 498 2249 Le
528 2224 619 2249 nom
645 2213 691 2250 de
719 2218 820 2250 cette
849 2213 970 2260 place,
994 2212 1017 2247 a
1044 2223 1108 2248 ma
1135 2212 1433 2259 connaissance,
1456 2212 1555 2250 n'est
1581 2223 1649 2260 pas
1677 2213 1751 2250 cite

343 2273 514 2317 aillcurs,
536 2283 614 2308 non
635 2273 719 2318 plus
747 2283 820 2320 que
846 2271 1025 2318 l’e'pisode
1046 2272 1095 2307 ou
1122 2271 1148 2306 il
1176 2271 1310 2317 figure.
1339 2272 1371 2307 Il
1392 2271 1491 2308 n’est
1511 2282 1580 2319 pas
1607 2271 1686 2308 aise
1706 2271 1750 2307 de

342 2330 573 2366 l'identisier.
607 2331 715 2366 Dans
744 2331 800 2367 les
831 2330 1013 2367 environs
1045 2329 1090 2365 de
1123 2329 1420 2367 Chateauceaux
1447 2331 1484 2378 je
1519 2331 1595 2366 n'ai
1624 2331 1751 2367 releve

343 2400 416 2436 que
431 2389 466 2424 le
485 2399 575 2424 nom
592 2388 636 2424 de
653 2389 875 2436 l‘Humeau,
891 2391 978 2436 pres
1000 2389 1037 2424 la
1051 2388 1235 2425 Varenne
1252 2389 1599 2434 (Maine-et-Loire‚
1621 2399 1751 2425 arron-

343 2446 552 2482 dissemcnt
568 2444 612 2481 de
629 2445 779 2491 Cholot,
798 2453 939 2483 canton
955 2446 999 2483 de
1015 2446 1344 2493 Chateauceaux),
1361 2447 1426 2495 qui
1441 2447 1570 2494 puisse
1584 2447 1750 2494 paraitre

344 2505 531 2552 rcpondre
552 2504 574 2539 ῑι
594 2504 630 2539 lai
649 2504 893 2551 designation
908 2506 953 2541 de
969 2510 1079 2542 notre
1102 2506 1315 2553 chronique
1333 2519 1340 2541 :
1363 2517 1504 2543 encore
1527 2512 1626 2543 cette
1647 2506 1750 2541 loca-

345 2565 410 2600 litc
432 2564 624 2600 n'est-clle
645 2564 731 2610 (ω’-ξι
758 2565 850 2600 trois
878 2577 924 2601 ou
954 2571 1088 2612 quatre
1120 2566 1343 2602 kilonictres
1367 2566 1412 2602 de
1439 2566 1748 2603 Cliateauceaux,

346 2630 384 2659 ct
406 2635 483 2659 non
504 2623 526 2658 ’ξι
552 2622 645 2658 trois
673 2622 805 2667 lienes,
839 2635 989 2660 comme
1021 2625 1054 2661 lo
1082 2625 1136 2660 dit
1156 2625 1242 2671 plus
1264 2626 1358 2660 haut
1386 2632 1496 2661 notre
1524 2623 1748 2669 chronique.

348 2682 571 2717 L'Humcau
593 2680 690 2716 n'est
713 2681 952 2727 aujourd'hui
973 2684 1113 2730 qu'unc
1141 2683 1276 2730 simple
1297 2683 1435 2726 ferme;
1467 2683 1488 2718 ἰι
1515 2684 1550 2718 la
1572 2682 1749 2718 Varenno

352 2741 376 2776 il
399 2752 421 2786 y
443 2740 543 2776 avait
565 2751 617 2775 un
639 2739 789 2775 manoir
810 2741 933 2776 noble.
