1923 3358
117 266 220 313 1339]
387 270 757 304 GHRONOGRAPHIA
782 271 935 304 REGUM
958 272 983 303 F
985 271 1237 304 RANCORUM·
1464 270 1507 306 87

113 348 301 406 Hastin,
342 349 484 397 frater
520 349 710 398 Walteri
750 350 1132 413 sepenominati1‚
1173 368 1278 399 cum
1315 351 1510 400 intraret

113 429 274 488 portas
299 425 541 483 eivitatis2,
570 426 691 473 inter
716 442 881 473 manus
911 426 1032 474 illius
1063 427 1143 490 qui
1171 434 1357 492 ceperat
1381 444 1506 485 eum,

113 500 293 549 occisus
319 506 390 548 est
413 520 439 549 a
464 501 793 549 communitate
818 501 1033 550 civitatis.

176 580 432 641 Posteaque
483 584 697 641 tempore
748 578 968 641 hyemali,
1017 595 1103 641 per
1152 595 1293 643 supra
1343 580 1512 645 glacies

112 660 453 719 oppugnantes,
481 654 719 701 castellum
743 653 802 701 de
831 655 1082 717 Relenyhes
1112 663 1336 718 ceperunt
1361 663 1407 705 et
1431 659 1512 722 qui

111 737 242 779 erant
279 731 402 778 intus
437 730 622 794 penitus
662 729 955 788 occiderunt,
995 737 1270 796 turremque
1306 734 1512 783 funditus

110 807 378 855 evulserunt
389 808 424 853 3.

172 887 237 931 De
261 883 551 930 ordinatione
580 882 703 947 regis
735 882 931 947 Philippi
963 884 1081 931 facta
1112 890 1183 932 est
1213 886 1511 950 congregatio

108 959 232 1024 apud
257 959 527 1016 Vrevinum,
556 959 603 1005 in
630 976 721 1022 qua
746 959 931 1007 suerunt
962 976 1119 1008 comes
1144 961 1404 1009 Armaniaci
1431 963 1512 1024 qui

108 1036 398 1085 custodiebat
415 1037 801 1094 Cameracesium,
820 1037 1026 1085 Galesius
1041 1038 1098 1085 de
1114 1042 1322 1097 Bamma,
1340 1040 1513 1104 magis-

108 1119 181 1161 ter
197 1112 558 1170 balistariorum,
581 1129 738 1161 comes
758 1113 1095 1177 Grandisprati,
1116 1114 1328 1162 baillivus
1345 1116 1513 1164 Vitria-

107 1190 164 1247 ci,
196 1190 516 1238 vicedominus
541 1190 900 1249 Cathalanensis,
924 1191 1143 1239 dominus
1164 1192 1223 1239 de
1241 1192 1444 1242 Vrevino
1464 1198 1512 1240 et

108 1266 238 1314 multi
260 1267 351 1314 alii.
373 1267 443 1314 Hii
468 1267 673 1330 quodam
695 1284 829 1315 mane
846 1267 1044 1332 ingressi
1063 1274 1170 1316 sunt
1190 1269 1447 1316 Hanoniam
1465 1276 1511 1317 et

107 1344 154 1390 in
177 1343 315 1391 terris
346 1343 405 1391 de
436 1344 651 1391 Chimaco
677 1350 723 1391 et
755 1344 814 1391 de
847 1344 1136 1401 Bellimonte,
1167 1345 1510 1408 pertinentibus

107 1420 303 1468 Johanni
319 1420 377 1467 de
394 1420 618 1478 Hanonia‚
636 1421 833 1485 vinginti
846 1421 978 1468 villas
996 1421 1180 1485 spoliati
1196 1428 1305 1469 sunt
1321 1428 1367 1469 et
1384 1437 1512 1469 com-

106 1496 359 1544 busserunt
384 1500 563 1544 etcum
592 1496 749 1544 multis
779 1497 1067 1560 prisionariis
1098 1498 1353 1556 redierunt,
1384 1498 1512 1561 quis-

107 1590 198 1637 que
223 1573 271 1620 in
294 1573 601 1621 munitionem
629 1575 808 1621 suam4.

170 1652 317 1697 Porro
341 1649 571 1699 ,Iohannes
600 1650 658 1698 de
684 1650 908 1707 Hanonia‚
937 1650 1025 1697 hiis
1057 1650 1242 1707 auditis,
1272 1651 1376 1698 ilico
1405 1651 1507 1715 (sic)

108 1726 407 1791 congregavit
441 1742 658 1790 magnam
692 1732 896 1790 gentem,
931 1725 1104 1775 scilicet
1136 1742 1298 1790 regem
1328 1727 1507 1791 Anglie,

156 1855 188 1890 1.
211 1853 403 1890 Froissart
423 1864 472 1889 ne
492 1858 649 1890 raconte
671 1864 737 1901 pas
758 1853 803 1890 de
824 1854 861 1889 la
880 1854 1007 1890 meme
1028 1854 1140 1902 sagon
1160 1854 1198 1890 la
1212 1859 1312 1890 mort
1328 1853 1373 1889 de
1390 1853 1512 1890 Gilles

108 1913 256 1960 Manny
280 1912 350 1958 (e'd.
375 1913 495 1958 Luce,
522 1918 550 1948 t.
576 1913 609 1959 I,
635 1924 672 1960 p.
697 1913 788 1959 192).
815 1911 853 1948 A
877 1923 1016 1960 propos
1044 1912 1090 1948 de
1118 1923 1161 1949 66
1189 1923 1294 1958 nom,
1319 1912 1511 1949 Froissart

107 1972 233 2008 donne
254 1971 276 2006 a
296 1982 339 2008 66
359 1982 600 2018 personnage
628 1972 662 2007 16
690 1971 885 2019 sobriquet
906 1972 951 2008 de
971 1973 1162 2017 Griynart,
1190 1971 1254 2018 qui
1275 1976 1366 2008 veut
1393 1971 1475 2007 dire
1499 1984 1506 2007 ε

107 2029 230 2075 fache,
252 2029 297 2066 (16
316 2030 514 2067 mauvaise
528 2031 713 2074 humeur;
737 2041 794 2077 or,
815 2031 849 2067 16
864 2042 1023 2067 surnom
1044 2030 1090 2066 de
1104 2031 1251 2072 Hustz'n,
1277 2029 1341 2076 qui
1359 2029 1510 2077 signifie

107 2089 338 2137 quereHeur,
361 2100 383 2125 a
403 2099 452 2126 en
472 2089 670 2126 definitive
691 2090 727 2126 16
747 2090 876 2126 meme
898 2100 1000 2126 sens.

155 2148 190 2183 2.
212 2147 267 2183 Le
287 2152 368 2183 mot
389 2149 548 2184 civitatis
568 2147 726 2195 designe
748 2148 940 2184 Cambrai.

157 2205 191 2241 3.
212 2204 405 2241 Froissart
427 2205 497 2251 (ed.
519 2205 639 2252 Luce,
660 2210 688 2241 t.
711 2205 743 2251 I,
770 2217 807 2252 p.
832 2205 899 2242 190
925 2210 962 2241 et
988 2204 1067 2250 486)
1096 2204 1151 2240 dit
1178 2215 1251 2252 que
1273 2204 1510 2252 Relenghes,

113 2277 129 2298 t(
151 2274 228 2300 une
247 2263 364 2311 petite
385 2264 481 2300 forte
500 2264 665 2311 maison,
685 2277 700 2298 »
724 2264 827 2299 avait
848 2274 924 2300 une
945 2263 1128 2310 garnison
1149 2263 1194 2299 de
1215 2264 1439 2311 vingt-cinq
1460 2275 1509 2300 ou

109 2327 235 2358 trente
256 2323 444 2358 hommes.
467 2322 578 2368 Mais,
602 2322 904 2359 contrait-efflent
926 2321 948 2357 a
969 2331 1011 2358 ce
1032 2321 1244 2369 qu'avance
1264 2327 1376 2359 notre
1396 2323 1511 2358 chro-

111 2381 240 2428 nique,
263 2381 289 2416 il
311 2386 467 2417 raconte
487 2393 560 2428 que
581 2382 618 2418 la
637 2381 821 2429 garnison
840 2385 907 2427 put
924 2381 1082 2417 s’enfuir
1095 2386 1132 2417 et
1148 2393 1292 2429 gagner
1306 2382 1510 2419 Bouchain

110 2445 148 2476 6(
166 2439 470 2476 Valenciennes.
492 2440 546 2477 Le
572 2440 693 2476 baron
713 2441 873 2487 Kervyn
893 2439 938 2475 de
959 2440 1196 2477 Lettenhove
1217 2441 1290 2482 (6(1.
1313 2441 1358 2477 (16
1378 2442 1510 2478 Frois-

115 2503 208 2543 sart,
231 2503 259 2533 t.
280 2497 433 2543 XXIII,
454 2509 490 2545 p.
513 2498 593 2543 407)
614 2509 772 2546 propose
793 2498 838 2534 (16
857 2498 954 2534 fixer
974 2498 1010 2534 la
1028 2499 1129 2546 prise
1151 2499 1197 2536 (16
1218 2499 1439 2547 Relenghes
1460 2512 1509 2538 au

111 2557 210 2592 mois
230 2556 274 2591 (16
295 2568 398 2592 mars
421 2557 511 2593 1340
535 2558 585 2602 (n.
610 2559 685 2603 st.).

159 2615 193 2651 4.
215 2615 407 2651 Froissart
434 2616 618 2652 enumere
645 2617 699 2652 les
722 2627 833 2652 noms
853 2615 899 2652 de
919 2615 1082 2663 dix-sept
1102 2617 1275 2653 localites
1296 2618 1360 2664 qui
1381 2618 1509 2653 furent

113 2674 354 2717 incendiees;
382 2675 408 2710 il
438 2675 566 2722 ajoute
598 2687 670 2722 que
703 2676 757 2711 les
788 2675 972 2724 Francais
1004 2675 1201 2713 revinrent
1231 2677 1393 2723 charges
1419 2676 1509 2713 (l'un

115 2733 304 2770 immense
325 2734 434 2770 butin
456 2733 673 2779 (Froissart,
695 2734 752 2771 ed.
776 2735 894 2781 Luce,
915 2740 942 2770 t.
964 2734 995 2782 Ι,
1016 2746 1052 2782 p.
1075 2746 1231 2771 CCXLVIII
1251 2740 1289 2772 et
1309 2736 1465 2781 conix).
