1923 3358
348 253 392 290 92
621 251 993 287 CHRONOGRAPHIA
1018 250 1171 282 REGUM
1196 248 1473 281 FRANCORUM.
1641 245 1746 292 [1340

349 355 369 379 α
401 334 601 399 operari,
632 333 850 395 legesque
875 335 920 377 et
945 327 1304 375 consuetudines
1334 328 1556 374 hactenus
1587 327 1749 375 obser-

350 432 369 456 «
401 417 530 458 vatas
551 427 575 456 a
593 415 805 469 tempore
832 405 984 453 Sancti
1010 404 1245 460 Ludovici‚
1273 404 1619 468 predecessoris
1640 420 1748 452 nos-

350 506 369 531 «
401 487 475 542 tri,
510 498 728 546 reparare
763 486 810 529 et
841 482 992 529 illesas
1027 496 1322 528 conservare.
1357 482 1456 526 Non
1494 479 1632 526 etiam
1663 496 1749 542 per

350 583 370 607 (ι
400 563 488 609 hoc
518 559 763 623 proprium
796 559 976 606 lucrum
1008 557 1066 605 ad
1097 557 1241 605 vestri
1279 556 1468 620 dampni
1500 556 1751 603 illationem

350 659 369 683 (ι
400 637 727 701 perquiremus
751 634 943 682 cambiis
970 634 1068 681 sive
1093 640 1389 682 monetarum
1416 633 1752 680 mutationibus

349 734 369 759 «
401 720 479 762 aut
508 712 819 760 taxationibus
844 712 918 759 vel
946 711 1079 758 malis
1110 710 1284 773 rapinis
1312 726 1392 757 seu
1418 708 1747 764 ablationibus‚

351 811 370 836 α
402 790 640 854 quoniam,
662 789 743 837 Dei
769 788 935 853 gratia,
965 787 1294 835 sufficienciam
1321 785 1549 833 habemus
1568 785 1627 832 ad
1645 801 1752 832 nos-

351 889 369 913 «
401 874 525 915 trum
561 872 734 914 statum
767 871 812 912 et
846 865 1074 912 honorem
1109 863 1523 917 manutenendum,
1560 878 1669 926 ymo
1701 867 1753 909 ut

350 964 370 990 ι(
398 944 532 991 nobis
558 943 790 1007 subjectos
816 942 1052 989 libertates
1073 947 1118 988 et
1141 940 1382 1004 privilegia
1410 942 1572 987 Sancte
1598 939 1753 987 Eccle-

350 1041 370 1065 ι(
403 1021 467 1068 sie
504 1020 690 1084 speciali
727 1036 837 1067 cura
876 1017 1141 1065 deffendere
1180 1023 1226 1064 et
1259 1017 1391 1080 juxta
1432 1016 1580 1063 nostri
1616 1031 1755 1079 posse

350 1117 370 1142 «
403 1096 745 1145 extremitatem
776 1100 1076 1142 manutenere
1108 1100 1247 1156 atque
1273 1092 1466 1156 negocia
1492 1092 1624 1155 regni
1649 1092 1756 1139 abs-

350 1193 370 1218 «
403 1190 492 1237 que
518 1173 668 1235 aliqua
695 1171 945 1219 furibunda
967 1187 1047 1218 seu
1069 1169 1327 1217 voluntaria
1348 1169 1529 1215 actione
1549 1175 1756 1232 pertrac-

351 1270 371 1295 (ι
402 1256 517 1297 tare.
554 1251 739 1296 Summa
775 1248 948 1294 etenim
983 1247 1226 1294 affectione
1262 1245 1523 1309 aspiramus
1555 1250 1605 1292 ut
1636 1247 1758 1293 Deus

351 1347 371 1372 «
402 1327 568 1373 habeat
590 1331 773 1389 partem
796 1325 842 1372 in
867 1324 1105 1372 laboribus
1131 1323 1304 1371 nostris
1325 1329 1371 1370 et
1389 1324 1629 1371 hominum
1650 1340 1758 1371 nos-

351 1422 370 1447 «
402 1408 582 1449 trorum
609 1401 831 1457 fidelium,
863 1416 1042 1447 necnon
1077 1400 1204 1464 pacis
1229 1406 1276 1446 et
1299 1399 1473 1446 amoris
1500 1398 1758 1447 fomentum

351 1498 371 1523 c<
402 1478 523 1525 inter
539 1477 824 1525 Christianos
841 1493 1063 1541 aponere,
1083 1482 1135 1524 ut
1153 1475 1320 1523 cohors
1337 1492 1459 1522 nexu
1476 1475 1582 1523 fidei
1601 1476 1758 1522 catho-

352 1575 372 1600 (ι
401 1555 503 1612 lice,
528 1554 710 1602 Christo
737 1554 880 1610 unita,
906 1553 1080 1600 facilius
1106 1553 1226 1600 inter
1246 1569 1296 1600 se
1319 1553 1548 1600 adunetur
1569 1552 1628 1600 ad
1649 1557 1759 1601 Ter-

352 1652 372 1677 «
403 1648 504 1679 ram
544 1633 759 1678 Sanctam
797 1630 972 1678 bellicis
1009 1631 1150 1678 armis
1188 1630 1558 1694 recuperandam
1598 1638 1761 1679 contra

353 1728 373 1753 «
405 1714 563 1755 nostre
594 1707 704 1754 fidei
737 1707 985 1756 christiane
1017 1707 1245 1764 inimicos,
1277 1707 1403 1770 quod
1428 1708 1491 1755 ita
1520 1708 1622 1755 fieri
1647 1714 1761 1757 nutu

353 1804 372 1830 c(
405 1785 562 1832 divino
589 1800 851 1848 speramus.

418 1879 438 1905 α
469 1860 768 1908 Presentibus
798 1860 991 1923 insuper
1022 1860 1159 1907 vobis
1190 1860 1431 1907 notificare
1469 1860 1762 1908 decrevimus

353 1957 373 1982 (ι
406 1936 532 2000 quod
556 1937 768 2000 pluribus
791 1937 878 1984 viis
901 1936 1260 1984 racionabilibus
1286 1938 1436 1984 conati
1464 1953 1627 1985 sumus
1654 1954 1758 1985 cum

354 2034 373 2059 «
403 2014 526 2061 dicto
543 2013 755 2077 Philippo
773 2030 936 2077 pacem
954 2030 1232 2076 componere
1248 2032 1258 2069 3
1277 2014 1377 2076 ipse
1393 2019 1547 2062 autem
1561 2013 1650 2061 hiis
1666 2013 1762 2062 dis-

354 2110 374 2134 «
407 2090 617 2137 senciens
636 2097 681 2137 et
698 2089 880 2154 guerris
900 2089 1153 2136 excessivis
1174 2095 1350 2136 terram
1370 2096 1579 2136 nostram
1600 2089 1762 2153 oppri-

355 2186 374 2211 α
409 2183 536 2213 mere
562 2166 713 2213 nitens
738 2166 797 2214 ad
822 2166 969 2213 nostri
990 2166 1107 2231 juris
1140 2167 1516 2230 procurationem
1550 2182 1761 2214 necessa-

357 2261 377 2286 «
408 2242 479 2288 rio
508 2242 772 2289 deffendere
804 2259 890 2290 nos
922 2242 1173 2306 compellit.
1203 2246 1568 2306 Verumptamen
1601 2242 1762 2307 populi

357 2338 376 2363 <t
409 2318 738 2365 mortalitatem
763 2319 888 2366 nullo
915 2319 1056 2366 modo
1082 2320 1338 2383 querimus,
1369 2320 1578 2368 faventes
1604 2319 1762 2383 potius

357 2412 377 2438 α
410 2393 619 2456 ipsorum
640 2399 684 2440 et
710 2394 944 2442 bonorum
971 2395 1122 2443 saluti.
1147 2399 1209 2443 Ea
1235 2402 1432 2459 propter
1460 2395 1607 2443 nostri
1634 2395 1764 2442 beni-

358 2490 378 2514 «
410 2470 582 2534 gnitate
598 2476 643 2517 et
657 2472 802 2534 gratia
818 2473 968 2534 placet
987 2479 1143 2520 nostre
1164 2474 1290 2537 regie
1313 2473 1542 2537 majestati
1563 2472 1708 2536 quod,
1727 2472 1764 2519 si

358 2567 377 2591 «
409 2547 604 2593 firmiter
624 2547 758 2594 nobis
777 2548 982 2596 habeatis
1001 2557 1049 2597 ut
1066 2550 1213 2597 nostri
1235 2550 1395 2597 fideles
1415 2549 1568 2605 amici,
1594 2565 1760 2612 quem-

360 2643 379 2667 «
413 2623 666 2671 admodum
692 2623 828 2686 probi
855 2625 1066 2673 homines
1093 2626 1151 2673 de
1173 2626 1385 2674 Flandria
1407 2627 1632 2682 fecerunt,
1656 2641 1765 2672 nos-

360 2719 379 2743 «
413 2716 503 2762 que
542 2701 884 2764 recognoscatis
916 2709 1126 2750 vestrum
1164 2719 1324 2766 regem
1357 2703 1415 2750 de
1444 2703 1547 2766 jure
1578 2708 1625 2749 et
1654 2717 1764 2764 erga
