1923 3358
389 239 457 275 272
667 240 1037 272 CHRONOGRAPHIA
1064 240 1216 271 REGUM
1241 240 1520 273 FRANGORUM.
1686 237 1791 285 [1358

387 338 468 368 eos
492 318 780 367 occiderunt.
802 320 997 380 Insuper
1019 317 1166 381 major
1185 317 1422 365 Ambianis
1448 318 1646 367 civitatis
1666 320 1793 367 misit

391 398 432 443 in
461 394 683 443 auxilium
713 393 993 441 rusticorum
1025 399 1212 441 centum
1244 394 1455 442 homines
1487 394 1545 442 de
1582 411 1793 444 commu-

386 474 459 519 nia
481 470 728 527 civitatis13
757 470 839 518 sed
867 471 973 534 quia
994 470 1082 518 hoc
1099 470 1335 534 displicuit
1351 471 1544 519 consilio
1569 471 1787 529 civitatis,

386 548 778 595 remandaverunt
819 547 1030 594 homines
1070 547 1177 595 inde
1212 547 1534 602 transmissos,
1570 548 1633 596 ita
1665 549 1793 612 quod

384 627 562 675 reversi
615 633 722 674 sunt
773 632 1023 689 antequam
1083 626 1298 689 cuiquam
1354 626 1496 674 nobili
1551 632 1790 684 nocerent,

384 710 581 767 excepto
607 704 652 750 in
678 703 785 750 villa
809 709 857 750 et
881 702 1068 751 castello
1095 702 1153 750 de
1178 703 1417 751 M0r01i02.

448 791 513 836 Eo
541 793 776 851 tempore,
810 786 990 834 nobiles
1015 786 1205 834 Francie
1233 786 1576 834 mandaverunt
1604 803 1794 835 succur-

385 880 489 911 sum
523 863 582 911 ad
614 863 785 910 multas
819 862 1173 911 Christianitatis
1214 869 1388 926 partes,
1425 863 1671 911 nonnullos
1703 863 1795 910 cla-

386 957 542 988 mores
568 939 860 988 miserandos
894 945 1034 1003 atque
1064 939 1377 1003 gemibundos
1409 940 1456 987 in
1495 939 1663 987 litteris
1699 940 1795 987 suis

385 1017 604 1065 facientes
625 1017 686 1064 ita
707 1022 758 1064 ut
777 1016 907 1064 multi
927 1034 983 1064 ex
1006 1015 1204 1063 diversis
1224 1016 1435 1080 partibus
1453 1017 1789 1064 adunarentur.

447 1105 513 1148 Eo
557 1107 772 1163 tempore
816 1116 900 1146 rex
950 1103 1156 1147 Navarre
1200 1115 1307 1146 cum
1352 1099 1509 1146 multis
1552 1099 1790 1155 Navarris‚

382 1177 585 1242 Anglicis
608 1182 655 1224 et
676 1176 972 1234 Normannis‚
1003 1177 1195 1224 veniens
1221 1176 1278 1223 ad
1307 1183 1513 1224 castrum
1539 1176 1795 1225 Clarimon-

383 1253 469 1299 tis3
497 1253 735 1300 mandavit
766 1253 823 1300 ad
864 1270 913 1300 se
948 1269 1091 1300 unum
1125 1253 1184 1300 de
1210 1252 1464 1315 capitaneis
1489 1252 1791 1308 rusticorum,

384 1331 565 1394 fingens
587 1347 635 1377 se
662 1330 790 1377 illum
816 1330 1040 1377 auxilium
1066 1330 1369 1385 collaturum3
1398 1345 1540 1393 quem
1567 1329 1725 1377 statim
1745 1335 1796 1376 ut

385 1406 517 1463 vidit,
543 1407 680 1470 jussit
706 1406 942 1463 decollari,
975 1412 1021 1453 et
1053 1405 1213 1454 abiens
1240 1423 1382 1470 super
1407 1407 1606 1454 rusticos
1632 1406 1711 1469 qui
1737 1405 1795 1453 ab

385 1500 441 1531 eo
468 1483 721 1548 sperabant
740 1483 980 1541 auxilium,
1004 1499 1254 1549 aggressus
1274 1490 1344 1531 est
1362 1500 1444 1531 eos
1469 1490 1516 1530 et
1541 1483 1711 1532 occidit
1736 1499 1795 1530 ex

434 1649 465 1684 1.
489 1647 550 1684 On
578 1647 637 1693 lit,
657 1647 753 1683 dans
781 1659 857 1683 une
883 1647 993 1684 lettre
1023 1647 1068 1684 de
1096 1647 1303 1684 remission
1323 1648 1389 1695 qui
1418 1647 1474 1684 fut
1504 1647 1690 1685 accordee
1717 1659 1793 1684 aux

386 1706 588 1742 Arnienois
612 1719 618 1741 :
652 1720 667 1740 «
762 1706 895 1754 yceuls
924 1706 1089 1753 majenr,
1119 1706 1326 1754 esquevins
1357 1712 1394 1743 et
1425 1718 1608 1743 commun
1637 1707 1793 1743 avoient

387 1779 402 1798 «
427 1765 578 1811 envoie,
602 1776 692 1800 senz
720 1764 867 1802 licence
894 1765 939 1800 de
966 1776 1080 1812 nous,
1101 1765 1146 1802 de
1173 1765 1257 1802 leur
1281 1777 1376 1813 genz
1405 1776 1498 1802 avec
1526 1766 1581 1802 les
1609 1777 1704 1813 genz
1726 1765 1793 1802 des

388 1838 403 1857 «
427 1834 654 1860 communes
674 1823 719 1858 de
740 1823 969 1860 Beauvoisis
990 1824 1054 1871 qui
1075 1824 1364 1860 derrainement
1385 1830 1452 1861 ont
1473 1826 1555 1861 este
1577 1825 1790 1862 assemblez

388 1897 403 1917 «
426 1888 462 1919 et
484 1883 588 1919 aussi
609 1894 682 1930 que
704 1883 896 1929 plusieurs
923 1883 990 1919 des
1011 1883 1219 1931 singuliers
1246 1883 1291 1920 de
1313 1883 1451 1920 ladicte
1474 1884 1563 1920 ville
1584 1896 1608 1932 y
1629 1884 1795 1921 estoient

388 1955 403 1976 α
428 1943 508 1978 alez
524 1942 708 1978 folement
728 1941 773 1978 de
789 1942 873 1978 leur
887 1942 1083 1987 vomente,
1100 1943 1278 1979 combien
1299 1953 1387 1990 que,
1403 1943 1435 1978 si
1457 1954 1608 1980 comme
1623 1943 1649 1979 il
1670 1943 1791 1989 dicut,

387 2014 402 2034 «
427 2001 539 2037 ceulx
559 2000 624 2047 qui
651 2011 719 2047 par
740 2000 828 2037 eulx
849 2012 875 2048 y
895 2000 1024 2036 furent
1050 2001 1226 2048 envoiez,
1247 2013 1296 2038 ne
1324 2002 1474 2038 alere-nt
1494 2013 1567 2049 que
1589 2002 1751 2050 jusques
1771 2002 1794 2038 a

387 2073 402 2093 «
426 2066 575 2107 quatre,
598 2059 687 2106 cinq
714 2071 762 2095 ou
789 2059 849 2095 six
876 2059 996 2096 lieues
1021 2060 1098 2096 loin
1123 2060 1168 2096 de
1195 2061 1310 2098 ladite
1337 2062 1443 2104 ville,
1466 2072 1513 2098 ou
1542 2062 1721 2108 environ,
1744 2073 1792 2098 en

387 2133 401 2152 α
426 2119 590 2165 laquelle
610 2123 757 2155 tantost
786 2118 866 2154 s’en
889 2125 1207 2156 retournerent...
1233 2134 1248 2153 »
1272 2121 1424 2167 (Recueil
1445 2122 1485 2157 de
1508 2123 1620 2166 piaces
1646 2125 1793 2157 servant

385 2179 426 2213 dc
455 2189 603 2223 preuves
632 2189 708 2213 aum
739 2180 927 2214 Memoires
959 2189 1025 2214 sur
1054 2181 1102 2215 les
1133 2181 1290 2215 troubles
1323 2181 1452 2216 excitas
1481 2191 1526 2216 en
1559 2182 1695 2216 France
1723 2191 1793 2225 par

388 2237 536 2273 charles
559 2239 592 2272 ΙΙ
611 2239 665 2273 dit
686 2241 716 2273 le
737 2239 949 2273 Mauvaz's...
974 2238 1056 2284 [par
1076 2238 1298 2285 Seeousse]‚
1319 2250 1354 2286 p.
1379 2239 1449 2285 98).

433 2301 467 2336 ⁶2.
492 2301 542 2336 Ge
564 2302 627 2347 qui
658 2313 849 2339 concerno
879 2303 916 2338 la
942 2302 1050 2349 place
1071 2302 1115 2338 de
1142 2303 1306 2339 Moreuil
1333 2303 1521 2348 (Somme‚
1550 2303 1790 2340 arrondisse—

387 2365 494 2395 ment
520 2359 565 2395 de
587 2360 831 2407 Monfflidier,
863 2361 1049 2398 chef—lieu
1071 2361 1116 2397 de
1139 2367 1296 2402 canton)
1317 2373 1365 2399 ne
1388 2373 1428 2398 se
1449 2368 1586 2399 trouve
1606 2373 1673 2409 pas
1695 2361 1791 2398 dans

388 2419 423 2453 la
444 2419 650 2462 Glirom'que
670 2422 872 2456 normande
890 2423 937 2467 (p.
963 2420 1055 2466 1²29).
1079 2420 1140 2456 On
1161 2432 1209 2457 ne
1231 2427 1437 2458 rencontre
1452 2421 1497 2457 de
1514 2421 1689 2458 mention
1705 2432 1791 2458 cor-

390 2477 644 2524 respondente
665 2478 686 2513 a
708 2480 857 2516 celle-ci
875 2491 948 2527 que
968 2480 1064 2516 dans
1086 2492 1139 2516 un
1159 2480 1225 2517 des
1246 2482 1482 2519 manuscrits
1503 2481 1569 2518 des
1589 2483 1792 2518 Anciennes

388 2539 604 2581 chrom'ques
624 2538 666 2572 de
693 2540 848 2575 Flandre
870 2542 994 2584 (Istore
1014 2544 1046 2576 ct
1065 2543 1257 2586 croniques
1277 2542 1318 2577 de
1340 2543 1526 2586 mandras,
1550 2546 1578 2577 t.
1600 2540 1651 2586 ΙΙ,
1673 2551 1708 2587 p.
1731 2540 1789 2581 86,

391 2601 478 2632 note
501 2596 548 2641 6).

439 2662 470 2697 3.
495 2662 1034 2709 Glermont-en-Beauvaisis,
1062 2664 1166 2710 Uise,
1192 2664 1377 2701 chef-lieu
1407 2663 1785 2700 d’arrondissement.
