1923 3358
404 249 469 286 1⁶20
680 249 1051 282 CHRONOGRAPHIA
1077 249 1230 280 REGUM
1255 248 1533 280 FRANCORUM.
1699 244 1804 292 [1340

400 333 541 389 diem,
570 329 801 377 exercitus
829 328 1180 384 Almannorum,
1210 327 1556 391 Flamingorum
1582 334 1628 375 et
1653 331 1804 375 Hauo-

400 411 626 458 nistarum
658 411 976 469 retrogressus
1009 410 1080 451 est
1111 412 1157 452 et
1191 404 1359 469 singuli
1392 404 1570 452 reversi
1605 411 1712 453 sunt
1746 404 1804 452 ad

399 485 590 550 propria
625 482 847 546 quodque
881 483 1037 530 statim
1069 488 1176 546 post
1208 499 1292 530 rex
1318 482 1508 530 Francie
1539 481 1666 529 misit
1695 488 1805 530 tunc

398 562 543 608 filium
579 577 737 617 suum,
779 560 948 607 ducem
982 560 1265 607 Normannie
1299 566 1347 607 et
1381 560 1614 607 sororium
1647 577 1801 617 suum,

398 639 566 687 ducem
597 637 882 702 Burgundie,
913 637 972 684 ad
1004 637 1340 685 devastandam
1371 642 1546 684 terram
1578 637 1801 684 Hanonie.

398 714 483 772 Qui
509 713 734 761 abeuntes
761 713 818 761 ad
845 719 1050 761 castrum
1069 713 1277 761 Kaisnoti
1302 713 1511 770 Comitis,
1537 713 1806 761 combusse-

398 798 508 839 runt
534 790 759 839 suburbia
785 791 868 838 sibi
904 791 1165 855 adjacencia
1197 808 1376 838 necnon
1408 796 1556 838 totam
1586 790 1803 855 patriam,

398 886 489 931 qua
515 868 822 924 transierunt,
860 867 1202 915 succenderunt
1226 867 1451 921 ssammis;
1488 874 1535 914 et
1566 872 1807 931 pertrans-

397 950 559 992 euntes
591 944 650 991 ad
682 961 822 991 unam
852 944 1028 991 leucam
1061 961 1211 1007 prope
1237 944 1560 1000 Valencianas,
1596 944 1806 991 fecerunt

396 1038 506 1069 suos
531 1038 721 1069 currere
747 1028 853 1068 ante
874 1021 1029 1068 villam
1056 1027 1103 1068 et
1129 1021 1194 1068 sic
1220 1021 1424 1084 quadam
1443 1029 1578 1085 parte
1599 1021 1805 1068 Hanonie

395 1099 638 1145 combusta
664 1115 716 1145 ac
735 1104 932 1156 vastata,
957 1097 1014 1145 ad
1042 1114 1203 1162 regem
1229 1099 1419 1145 Francie
1445 1099 1646 1163 regressi
1678 1104 1802 1145 sunt.

394 1178 451 1223 Et
488 1175 637 1238 quod1
678 1180 789 1222 tunc
827 1191 911 1221 rex
950 1175 1225 1221 convocavit
1264 1175 1508 1222 consilium
1546 1191 1705 1232 suum,
1748 1192 1806 1221 an

337 1307 342 1310 ¹
395 1252 631 1300 obsideret
653 1251 908 1308 castellum,
934 1268 991 1297 an
1019 1250 1275 1299 dimitteret
1299 1251 1558 1299 exercitum
1591 1268 1727 1299 suum
1760 1256 1806 1299 et

394 1346 479 1392 per
520 1329 764 1376 consilium
808 1328 985 1375 dimisit
1029 1328 1311 1384 exercitum,
1358 1328 1476 1376 sicut
1518 1328 1696 1377 dictum
1735 1334 1806 1376 est

394 1422 553 1469 supra,
584 1412 629 1452 et
656 1405 866 1452 recessit.

459 1491 640 1535 Interea
677 1488 896 1536 dominus
934 1491 1068 1552 Hugo
1103 1488 1285 1546 Kieret,
1321 1488 1606 1537 admiraldus
1641 1489 1801 1547 maris,

393 1565 636 1612 Nicholaus
662 1565 909 1612 Bahucheti
939 1570 985 1612 et
1010 1565 1125 1612 alius
1151 1565 1304 1614 dictus
1329 1566 1611 1614 Barbavaria
1642 1583 1806 1630 supra-

394 1641 681 1698 nominatus,
728 1648 1132 1706 congregaverant
1180 1642 1227 1689 in
1277 1643 1394 1690 mari
1438 1642 1805 1708 quadringentas

393 1735 536 1766 naves
553 1734 669 1781 quas
686 1718 953 1766 hominibus
971 1736 1211 1766 armorum
1230 1720 1539 1768 munierant2.
1559 1719 1804 1777 Quomodo

392 1812 595 1858 namque
614 1795 724 1842 illud
746 1796 983 1860 navigium
1004 1796 1302 1859 deperditum
1327 1802 1398 1844 est
1423 1797 1677 1860 cupiditate
1703 1797 1805 1844 the-

393 1872 709 1919 saurariorum
748 1873 873 1936 regis
911 1873 1122 1936 sequitur
1159 1892 1167 1920 :
1209 1890 1318 1920 nam
1358 1873 1510 1921 dictus
1543 1874 1803 1922 Bahucetus

392 1947 472 2011 qui
510 1965 630 1996 unus
667 1965 725 1996 ex
764 1948 852 1996 illis
890 1954 1014 2006 erat,
1051 1949 1237 1998 nolebat
1277 1950 1449 1998 habere
1486 1967 1569 1999 seu
1601 1950 1803 1999 retinere

440 2133 472 2167 1.
496 2131 546 2168 Ce
565 2134 660 2177 quod
687 2137 745 2169 est
769 2132 850 2180 regi
876 2143 945 2179 par
966 2133 1000 2169 le
1027 2134 1183 2178 quidam
1213 2144 1296 2169 vero
1325 2135 1454 2170 dicunt
1481 2134 1547 2182 qui
1575 2144 1801 2172 commence-

398 2190 432 2225 le
453 2192 708 2238 paragraphe.

438 2254 472 2290 2.
499 2268 515 2288 «
537 2255 586 2290 Et
613 2256 647 2291 le
668 2256 826 2293 venredi
854 2267 964 2304 apres
992 2256 1241 2294 l’Ascencion
1271 2258 1326 2302 (⁶26
1360 2258 1438 2294 mai
1467 2258 1568 2303 1340)
1601 2264 1801 2296 entrerent

395 2326 408 2346 α
433 2323 482 2348 cn
516 2324 598 2349 mer
626 2316 903 2362 monseigneur
932 2316 1019 2352 Hue
1050 2316 1202 2360 Caeret,
1237 2316 1413 2363 admiral,
1444 2317 1597 2354 Buchet
1629 2324 1667 2354 et
1700 2318 1799 2355 Bar-

395 2386 410 2405 «
433 2372 587 2408 bevaire
618 2373 640 2407 ὰ
674 2379 755 2410 tout
788 2380 866 2411 tres
901 2381 1013 2422 grant
1043 2375 1177 2411 navire
1208 2381 1245 2411 et
1276 2376 1442 2413 estoient
1471 2376 1559 2412 bien
1589 2377 1747 2414 estimes
1778 2377 1800 2413 ἐι

395 2445 409 2464 α
435 2439 570 2466 xx11111¹²
600 2432 789 2468 hommes.
822 2448 836 2466 n
868 2434 982 2476 (Bibl.
1011 2440 1108 2480 nat„
1140 2434 1249 2470 fonds
1280 2436 1402 2483 franc.
1430 2436 1537 2481 ι2598,
1566 2436 1629 2473 fol.
1661 2438 1698 2473 51
1730 2440 1797 2476 το.)

392 2491 493 2526 Tout
514 2490 547 2525 le
572 2490 665 2526 recit
687 2491 730 2526 de
754 2492 788 2527 la
809 2492 964 2530 hat-dille
985 2493 1029 2529 de
1052 2484 1233 2539 l'Ecluse‚
1256 2494 1307 2530 tel
1328 2505 1402 2541 que
1424 2495 1457 2531 le
1474 2495 1541 2531 fait
1556 2502 1668 2531 notre
1684 2496 1798 2532 chro-

394 2549 530 2596 nique,
563 2560 602 2585 se
632 2555 831 2596 reti-ouva,
859 2563 952 2588 avec
981 2553 1166 2600 quelques
1195 2552 1331 2589 details
1362 2565 1410 2589 en
1440 2554 1587 2599 moins,
1618 2554 1714 2590 dans
1743 2555 1798 2591 les

392 2610 593 2644 Ancz‘ennes
619 2610 834 2654 chroniques
860 2613 900 2646 (lc
926 2613 1084 2647 Flandre
1114 2614 1238 2658 (Istorc
1264 2617 1296 2648 et
1322 2616 1514 2659 crom'ques
1540 2615 1581 2650 de
1605 2614 1792 2657 Flandres,

392 2672 418 2701 t.
442 2667 473 2712 Ι,
495 2679 530 2714 p.
556 2667 621 2705 383
644 2673 681 2704 et
706 2668 784 2713 384)
813 2676 850 2704 et
876 2669 971 2705 dans
1000 2671 1053 2707 les
1080 2673 1241 2709 Grandes
1268 2673 1492 2719 Glzronz'qnes
1522 2673 1560 2718 (t.
1584 2672 1634 2716 V,
1663 2684 1698 2719 p.
1729 2672 1796 2709 385

392 2730 429 2760 ct
450 2725 546 2771 386).
