<?xml version="1.0" encoding="UTF-8"?>
<!DOCTYPE html PUBLIC "-//W3C//DTD XHTML 1.0 Transitional//EN"
    "http://www.w3.org/TR/xhtml1/DTD/xhtml1-transitional.dtd">
<html xmlns="http://www.w3.org/1999/xhtml" xml:lang="en" lang="en">
 <head>
  <title>
</title>
<meta http-equiv="Content-Type" content="text/html;charset=utf-8" />
  <meta name='ocr-system' content='tesseract 3.04.00' />
  <meta name='ocr-capabilities' content='ocr_page ocr_carea ocr_par ocr_line ocrx_word'/>
</head>
<body>
  <div class='ocr_page' id='page_1' title='image "./chronographiareg02mora_0276.png"; bbox 0 0 1923 3358; ppageno 0'>
   <div class='ocr_carea' id='block_1_1' title="bbox 370 260 1767 307">
    <p class='ocr_par' dir='ltr' id='par_1_1' title="bbox 370 260 1767 307">
     <span class='ocr_line' id='line_1_1' title="bbox 370 260 1767 307; baseline -0.004 -5"><span class='ocrx_word' id='word_1_1' title='bbox 370 266 436 302; x_wconf 77' lang='grc'><strong>-264</strong></span> <span class='ocrx_word' id='word_1_2' title='bbox 641 264 1010 297; x_wconf 70' lang='grc' dir='ltr'>οΗΒοΝοῡΒΑΡΗιΑ</span> <span class='ocrx_word' id='word_1_3' title='bbox 1036 263 1189 295; x_wconf 86' lang='lat' dir='ltr'>REGUM</span> <span class='ocrx_word' id='word_1_4' title='bbox 1214 263 1494 296; x_wconf 79' lang='lat' dir='ltr'><strong>FRANCORUM.</strong></span> <span class='ocrx_word' id='word_1_5' title='bbox 1665 260 1767 307; x_wconf 85' lang='lat'>[1357</span> 
     </span>
    </p>
   </div>
   <div class='ocr_carea' id='block_1_2' title="bbox 363 341 1775 1636">
    <p class='ocr_par' dir='ltr' id='par_1_2' title="bbox 365 341 1775 1407">
     <span class='ocr_line' id='line_1_2' title="bbox 434 341 1772 408; baseline -0.004 -13"><span class='ocrx_word' id='word_1_6' title='bbox 434 353 627 408; x_wconf 76' lang='lat' dir='ltr'><strong>Insuper</strong></span> <span class='ocrx_word' id='word_1_7' title='bbox 652 348 913 390; x_wconf 85' lang='lat' dir='ltr'><strong>statuerunt</strong></span> <span class='ocrx_word' id='word_1_8' title='bbox 937 341 1064 405; x_wconf 90' lang='lat' dir='ltr'><strong>quod</strong></span> <span class='ocrx_word' id='word_1_9' title='bbox 1091 358 1290 406; x_wconf 83' lang='lat' dir='ltr'><strong>regnum</strong></span> <span class='ocrx_word' id='word_1_10' title='bbox 1314 343 1507 390; x_wconf 87' lang='lat' dir='ltr'><strong>Francie</strong></span> <span class='ocrx_word' id='word_1_11' title='bbox 1530 350 1772 408; x_wconf 87' lang='lat' dir='ltr'><strong>regeretur</strong></span> 
     </span>
     <span class='ocr_line' id='line_1_3' title="bbox 369 419 1772 483; baseline -0.002 -12"><span class='ocrx_word' id='word_1_12' title='bbox 369 443 393 471; x_wconf 87' lang='lat' dir='ltr'><strong>a</strong></span> <span class='ocrx_word' id='word_1_13' title='bbox 427 423 578 470; x_wconf 89' lang='lat' dir='ltr'><strong>tribus</strong></span> <span class='ocrx_word' id='word_1_14' title='bbox 622 419 852 467; x_wconf 86' lang='lat' dir='ltr'><strong>statibus¹</strong></span> <span class='ocrx_word' id='word_1_15' title='bbox 896 425 943 467; x_wconf 86' lang='lat' dir='ltr'><strong>et</strong></span> <span class='ocrx_word' id='word_1_16' title='bbox 983 424 1033 466; x_wconf 88' lang='lat' dir='ltr'><strong>ut</strong></span> <span class='ocrx_word' id='word_1_17' title='bbox 1074 419 1162 466; x_wconf 92' lang='lat' dir='ltr'><strong>hoc</strong></span> <span class='ocrx_word' id='word_1_18' title='bbox 1200 420 1358 476; x_wconf 88' lang='lat' dir='ltr'><strong>fieret,</strong></span> <span class='ocrx_word' id='word_1_19' title='bbox 1400 420 1639 483; x_wconf 84' lang='lat' dir='ltr'><strong>elegerunt</strong></span> <span class='ocrx_word' id='word_1_20' title='bbox 1674 427 1772 468; x_wconf 85' lang='lat' dir='ltr'><strong>tres</strong></span> 
     </span>
     <span class='ocr_line' id='line_1_4' title="bbox 368 495 1771 560; baseline -0.003 -14"><span class='ocrx_word' id='word_1_21' title='bbox 368 499 576 553; x_wconf 86' lang='lat' dir='ltr'><strong>clericos,</strong></span> <span class='ocrx_word' id='word_1_22' title='bbox 599 502 696 543; x_wconf 87' lang='lat' dir='ltr'><strong>tres</strong></span> <span class='ocrx_word' id='word_1_23' title='bbox 722 495 890 543; x_wconf 84' lang='lat' dir='ltr'>milites</span> <span class='ocrx_word' id='word_1_24' title='bbox 916 501 960 543; x_wconf 87' lang='lat' dir='ltr'><strong>et</strong></span> <span class='ocrx_word' id='word_1_25' title='bbox 988 502 1083 543; x_wconf 89' lang='lat' dir='ltr'><strong>tres</strong></span> <span class='ocrx_word' id='word_1_26' title='bbox 1107 495 1384 560; x_wconf 76' lang='lat' dir='ltr'><strong>burgenses,</strong></span> <span class='ocrx_word' id='word_1_27' title='bbox 1417 502 1469 543; x_wconf 89' lang='lat' dir='ltr'><strong>ut</strong></span> <span class='ocrx_word' id='word_1_28' title='bbox 1491 495 1699 560; x_wconf 86' lang='lat' dir='ltr'><strong>regimen</strong></span> <span class='ocrx_word' id='word_1_29' title='bbox 1725 502 1771 542; x_wconf 87' lang='lat' dir='ltr'><strong>et</strong></span> 
     </span>
     <span class='ocr_line' id='line_1_5' title="bbox 366 572 1770 639; baseline -0.002 -17"><span class='ocrx_word' id='word_1_30' title='bbox 366 574 496 639; x_wconf 84' lang='lat' dir='ltr'><strong>regni</strong></span> <span class='ocrx_word' id='word_1_31' title='bbox 527 573 890 620; x_wconf 80' lang='lat' dir='ltr'><strong>dominationem</strong></span> <span class='ocrx_word' id='word_1_32' title='bbox 924 573 1177 620; x_wconf 84' lang='lat' dir='ltr'><strong>aufferrent</strong></span> <span class='ocrx_word' id='word_1_33' title='bbox 1216 591 1241 620; x_wconf 89' lang='lat' dir='ltr'><strong>a</strong></span> <span class='ocrx_word' id='word_1_34' title='bbox 1283 574 1521 637; x_wconf 42' lang='lat' dir='ltr'><strong>regente?</strong></span> <span class='ocrx_word' id='word_1_35' title='bbox 1560 575 1675 620; x_wconf 90' lang='lat' dir='ltr'><strong>Nam</strong></span> <span class='ocrx_word' id='word_1_36' title='bbox 1712 572 1770 619; x_wconf 89' lang='lat' dir='ltr'><strong>ad</strong></span> 
     </span>
     <span class='ocr_line' id='line_1_6' title="bbox 366 652 1772 715; baseline -0.003 -13"><span class='ocrx_word' id='word_1_37' title='bbox 366 660 540 702; x_wconf 89' lang='lat' dir='ltr'><strong>certam</strong></span> <span class='ocrx_word' id='word_1_38' title='bbox 584 652 857 715; x_wconf 87' lang='lat' dir='ltr'><strong>pensionem</strong></span> <span class='ocrx_word' id='word_1_39' title='bbox 901 668 1006 700; x_wconf 92' lang='lat' dir='ltr'><strong>eum</strong></span> <span class='ocrx_word' id='word_1_40' title='bbox 1051 652 1414 709; x_wconf 85' lang='lat' dir='ltr'><strong>restrinxerunt,</strong></span> <span class='ocrx_word' id='word_1_41' title='bbox 1459 667 1640 699; x_wconf 86' lang='lat' dir='ltr'><strong>necnon</strong></span> <span class='ocrx_word' id='word_1_42' title='bbox 1679 656 1772 698; x_wconf 85' lang='lat' dir='ltr'><strong>sta-</strong></span> 
     </span>
     <span class='ocr_line' id='line_1_7' title="bbox 366 727 1772 792; baseline -0.003 -14"><span class='ocrx_word' id='word_1_43' title='bbox 366 738 464 778; x_wconf 89' lang='lat' dir='ltr'><strong>tum</strong></span> <span class='ocrx_word' id='word_1_44' title='bbox 492 745 628 777; x_wconf 90' lang='lat' dir='ltr'><strong>suum</strong></span> <span class='ocrx_word' id='word_1_45' title='bbox 650 728 985 785; x_wconf 79' lang='lat' dir='ltr'><strong>diminuerunt,</strong></span> <span class='ocrx_word' id='word_1_46' title='bbox 1010 728 1182 776; x_wconf 88' lang='lat' dir='ltr'><strong>multos</strong></span> <span class='ocrx_word' id='word_1_47' title='bbox 1203 727 1382 776; x_wconf 92' lang='lat' dir='ltr'><strong>nobiles</strong></span> <span class='ocrx_word' id='word_1_48' title='bbox 1409 727 1467 775; x_wconf 89' lang='lat' dir='ltr'><strong>ab</strong></span> <span class='ocrx_word' id='word_1_49' title='bbox 1489 727 1587 792; x_wconf 89' lang='lat' dir='ltr'><strong>ejus</strong></span> <span class='ocrx_word' id='word_1_50' title='bbox 1615 727 1772 790; x_wconf 91' lang='lat' dir='ltr'><strong>hospi-</strong></span> 
     </span>
     <span class='ocr_line' id='line_1_8' title="bbox 365 804 1772 868; baseline -0.003 -13"><span class='ocrx_word' id='word_1_51' title='bbox 365 809 435 855; x_wconf 85' lang='lat' dir='ltr'><strong>cio</strong></span> <span class='ocrx_word' id='word_1_52' title='bbox 479 812 775 862; x_wconf 83' lang='lat' dir='ltr'><strong>amoventeS,</strong></span> <span class='ocrx_word' id='word_1_53' title='bbox 822 805 1111 868; x_wconf 84' lang='lat' dir='ltr'><strong>ulteriusque</strong></span> <span class='ocrx_word' id='word_1_54' title='bbox 1153 811 1415 853; x_wconf 86' lang='lat' dir='ltr'><strong>statuerunt</strong></span> <span class='ocrx_word' id='word_1_55' title='bbox 1447 804 1574 868; x_wconf 91' lang='lat' dir='ltr'><strong>quod</strong></span> <span class='ocrx_word' id='word_1_56' title='bbox 1608 820 1772 852; x_wconf 84' lang='lat' dir='ltr'><strong>omnes</strong></span> 
     </span>
     <span class='ocr_line' id='line_1_9' title="bbox 365 881 1769 948; baseline -0.003 -16"><span class='ocrx_word' id='word_1_57' title='bbox 365 901 501 932; x_wconf 89' lang='lat' dir='ltr'><strong>cause</strong></span> <span class='ocrx_word' id='word_1_58' title='bbox 524 883 846 948; x_wconf 88' lang='lat' dir='ltr'><strong>judicarentur</strong></span> <span class='ocrx_word' id='word_1_59' title='bbox 869 882 929 929; x_wconf 88' lang='lat' dir='ltr'><strong>ab</strong></span> <span class='ocrx_word' id='word_1_60' title='bbox 962 882 1049 929; x_wconf 88' lang='lat' dir='ltr'><strong>illis</strong></span> <span class='ocrx_word' id='word_1_61' title='bbox 1079 882 1137 929; x_wconf 93' lang='lat' dir='ltr'><strong>de</strong></span> <span class='ocrx_word' id='word_1_62' title='bbox 1167 898 1351 929; x_wconf 88' lang='lat' dir='ltr'><strong>camera</strong></span> <span class='ocrx_word' id='word_1_63' title='bbox 1379 881 1522 929; x_wconf 89' lang='lat' dir='ltr'><strong>trium</strong></span> <span class='ocrx_word' id='word_1_64' title='bbox 1548 887 1769 936; x_wconf 90' lang='lat' dir='ltr'><strong>statuum,</strong></span> 
     </span>
     <span class='ocr_line' id='line_1_10' title="bbox 366 957 1775 1023; baseline -0.002 -15"><span class='ocrx_word' id='word_1_65' title='bbox 366 966 762 1023; x_wconf 89' lang='lat' dir='ltr'><strong>removeruntque</strong></span> <span class='ocrx_word' id='word_1_66' title='bbox 783 977 808 1006; x_wconf 91' lang='lat' dir='ltr'><strong>a</strong></span> <span class='ocrx_word' id='word_1_67' title='bbox 829 959 896 1006; x_wconf 93' lang='lat' dir='ltr'><strong>sui</strong></span> <span class='ocrx_word' id='word_1_68' title='bbox 925 959 1217 1006; x_wconf 90' lang='lat' dir='ltr'><strong>ordinatione</strong></span> <span class='ocrx_word' id='word_1_69' title='bbox 1240 965 1286 1006; x_wconf 85' lang='lat' dir='ltr'><strong>et</strong></span> <span class='ocrx_word' id='word_1_70' title='bbox 1305 959 1497 1006; x_wconf 89' lang='lat' dir='ltr'><strong>consilio</strong></span> <span class='ocrx_word' id='word_1_71' title='bbox 1522 957 1775 1021; x_wconf 87' lang='lat' dir='ltr'><strong>archiepis-</strong></span> 
     </span>
     <span class='ocr_line' id='line_1_11' title="bbox 365 1036 1774 1101; baseline -0.002 -16"><span class='ocrx_word' id='word_1_72' title='bbox 365 1055 536 1101; x_wconf 91' lang='lat' dir='ltr'><strong>copum</strong></span> <span class='ocrx_word' id='word_1_73' title='bbox 551 1038 991 1101; x_wconf 80' lang='lat' dir='ltr'><strong>Rothomagensem,</strong></span> <span class='ocrx_word' id='word_1_74' title='bbox 1013 1036 1249 1084; x_wconf 86' lang='lat' dir='ltr'><strong>Simonem</strong></span> <span class='ocrx_word' id='word_1_75' title='bbox 1268 1036 1326 1083; x_wconf 92' lang='lat' dir='ltr'><strong>de</strong></span> <span class='ocrx_word' id='word_1_76' title='bbox 1343 1036 1624 1091; x_wconf 61' lang='lat' dir='ltr'><strong>Buissiacoss,</strong></span> <span class='ocrx_word' id='word_1_77' title='bbox 1642 1038 1774 1083; x_wconf 83' lang='lat' dir='ltr'><strong>Jaco-</strong></span> 
     </span>
     <span class='ocr_line' id='line_1_12' title="bbox 366 1112 1772 1176; baseline -0.003 -14"><span class='ocrx_word' id='word_1_78' title='bbox 366 1114 478 1162; x_wconf 91' lang='lat' dir='ltr'><strong>bum</strong></span> <span class='ocrx_word' id='word_1_79' title='bbox 503 1115 546 1161; x_wconf 89' lang='lat' dir='ltr'><strong>la</strong></span> <span class='ocrx_word' id='word_1_80' title='bbox 572 1114 740 1169; x_wconf 89' lang='lat' dir='ltr'><strong>Vache,</strong></span> <span class='ocrx_word' id='word_1_81' title='bbox 771 1116 960 1160; x_wconf 90' lang='lat' dir='ltr'><strong>Petrum</strong></span> <span class='ocrx_word' id='word_1_82' title='bbox 981 1112 1039 1159; x_wconf 89' lang='lat' dir='ltr'><strong>de</strong></span> <span class='ocrx_word' id='word_1_83' title='bbox 1064 1112 1291 1159; x_wconf 82' lang='lat' dir='ltr'><strong>Mainvilla</strong></span> <span class='ocrx_word' id='word_1_84' title='bbox 1318 1119 1366 1160; x_wconf 89' lang='lat' dir='ltr'><strong>et</strong></span> <span class='ocrx_word' id='word_1_85' title='bbox 1390 1113 1549 1176; x_wconf 86' lang='lat' dir='ltr'><strong>plures</strong></span> <span class='ocrx_word' id='word_1_86' title='bbox 1575 1112 1689 1159; x_wconf 90' lang='lat' dir='ltr'><strong>alios</strong></span> <span class='ocrx_word' id='word_1_87' title='bbox 1714 1112 1772 1159; x_wconf 93' lang='lat' dir='ltr'><strong>de</strong></span> 
     </span>
     <span class='ocr_line' id='line_1_13' title="bbox 366 1189 1773 1254; baseline -0.002 -15"><span class='ocrx_word' id='word_1_88' title='bbox 366 1192 657 1239; x_wconf 84' lang='lat' dir='ltr'><strong>Parlamento</strong></span> <span class='ocrx_word' id='word_1_89' title='bbox 678 1197 724 1237; x_wconf 86' lang='lat' dir='ltr'><strong>et</strong></span> <span class='ocrx_word' id='word_1_90' title='bbox 752 1190 893 1254; x_wconf 81' lang='lat' dir='ltr'><strong>regali</strong></span> <span class='ocrx_word' id='word_1_91' title='bbox 919 1189 1128 1237; x_wconf 88' lang='lat' dir='ltr'><strong>consilio.</strong></span> <span class='ocrx_word' id='word_1_92' title='bbox 1162 1191 1312 1253; x_wconf 81' lang='lat' dir='ltr'><strong>Super</strong></span> <span class='ocrx_word' id='word_1_93' title='bbox 1337 1190 1424 1237; x_wconf 88' lang='lat' dir='ltr'><strong>hiis</strong></span> <span class='ocrx_word' id='word_1_94' title='bbox 1454 1190 1578 1237; x_wconf 92' lang='lat' dir='ltr'><strong>enim</strong></span> <span class='ocrx_word' id='word_1_95' title='bbox 1602 1205 1773 1254; x_wconf 84' lang='lat' dir='ltr'><strong>regens</strong></span> 
     </span>
     <span class='ocr_line' id='line_1_14' title="bbox 365 1265 1769 1333; baseline -0.001 -18"><span class='ocrx_word' id='word_1_96' title='bbox 365 1285 582 1333; x_wconf 82' lang='lat' dir='ltr'><strong>magnam</strong></span> <span class='ocrx_word' id='word_1_97' title='bbox 612 1267 771 1315; x_wconf 87' lang='lat' dir='ltr'><strong>habuit</strong></span> <span class='ocrx_word' id='word_1_98' title='bbox 802 1266 1148 1330; x_wconf 90' lang='lat' dir='ltr'><strong>displicenciam</strong></span> <span class='ocrx_word' id='word_1_99' title='bbox 1179 1272 1226 1314; x_wconf 87' lang='lat' dir='ltr'><strong>et</strong></span> <span class='ocrx_word' id='word_1_100' title='bbox 1260 1283 1344 1314; x_wconf 93' lang='lat' dir='ltr'><strong>suo</strong></span> <span class='ocrx_word' id='word_1_101' title='bbox 1379 1282 1518 1330; x_wconf 88' lang='lat' dir='ltr'><strong>posse</strong></span> <span class='ocrx_word' id='word_1_102' title='bbox 1544 1265 1769 1323; x_wconf 84' lang='lat' dir='ltr'><strong>obviavit,</strong></span> 
     </span>
     <span class='ocr_line' id='line_1_15' title="bbox 365 1343 1058 1407; baseline -0.004 -14"><span class='ocrx_word' id='word_1_103' title='bbox 365 1345 447 1393; x_wconf 88' lang='lat' dir='ltr'><strong>sed</strong></span> <span class='ocrx_word' id='word_1_104' title='bbox 472 1345 534 1392; x_wconf 89' lang='lat' dir='ltr'><strong>nil</strong></span> <span class='ocrx_word' id='word_1_105' title='bbox 562 1343 685 1392; x_wconf 92' lang='lat' dir='ltr'><strong>aliud</strong></span> <span class='ocrx_word' id='word_1_106' title='bbox 712 1345 863 1391; x_wconf 88' lang='lat' dir='ltr'><strong>facere</strong></span> <span class='ocrx_word' id='word_1_107' title='bbox 890 1344 1058 1407; x_wconf 87' lang='lat' dir='ltr'><strong>potuit.</strong></span> 
     </span>
    </p>

    <p class='ocr_par' dir='ltr' id='par_1_3' title="bbox 363 1420 1774 1636">
     <span class='ocr_line' id='line_1_16' title="bbox 429 1420 1772 1485; baseline -0.001 -16"><span class='ocrx_word' id='word_1_108' title='bbox 429 1425 494 1470; x_wconf 89' lang='lat' dir='ltr'><strong>Eo</strong></span> <span class='ocrx_word' id='word_1_109' title='bbox 519 1428 733 1485; x_wconf 89' lang='lat' dir='ltr'><strong>tempore</strong></span> <span class='ocrx_word' id='word_1_110' title='bbox 759 1420 1000 1485; x_wconf 79' lang='lat' dir='ltr'><strong>Philippus</strong></span> <span class='ocrx_word' id='word_1_111' title='bbox 1020 1420 1078 1468; x_wconf 94' lang='lat' dir='ltr'><strong>de</strong></span> <span class='ocrx_word' id='word_1_112' title='bbox 1105 1424 1310 1468; x_wconf 88' lang='lat' dir='ltr'><strong>Navarra</strong></span> <span class='ocrx_word' id='word_1_113' title='bbox 1335 1420 1535 1468; x_wconf 81' lang='lat' dir='ltr'><strong>faciebat</strong></span> <span class='ocrx_word' id='word_1_114' title='bbox 1553 1437 1772 1485; x_wconf 77' lang='lat' dir='ltr'><strong>guerram</strong></span> 
     </span>
     <span class='ocr_line' id='line_1_17' title="bbox 365 1497 1773 1562; baseline -0.001 -17"><span class='ocrx_word' id='word_1_115' title='bbox 365 1515 451 1561; x_wconf 92' lang='lat' dir='ltr'><strong>pro</strong></span> <span class='ocrx_word' id='word_1_116' title='bbox 489 1514 619 1562; x_wconf 82' lang='lat' dir='ltr'><strong>rege,</strong></span> <span class='ocrx_word' id='word_1_117' title='bbox 655 1497 798 1544; x_wconf 85' lang='lat' dir='ltr'><strong>fratre</strong></span> <span class='ocrx_word' id='word_1_118' title='bbox 834 1514 936 1555; x_wconf 92' lang='lat' dir='ltr'><strong>suo,</strong></span> <span class='ocrx_word' id='word_1_119' title='bbox 973 1497 1051 1560; x_wconf 89' lang='lat' dir='ltr'><strong>qui</strong></span> <span class='ocrx_word' id='word_1_120' title='bbox 1084 1497 1398 1544; x_wconf 84' lang='lat' dir='ltr'><strong>incarceratus</strong></span> <span class='ocrx_word' id='word_1_121' title='bbox 1430 1503 1546 1553; x_wconf 87' lang='lat' dir='ltr'><strong>erat,</strong></span> <span class='ocrx_word' id='word_1_122' title='bbox 1583 1503 1629 1544; x_wconf 90' lang='lat' dir='ltr'><strong>et</strong></span> <span class='ocrx_word' id='word_1_123' title='bbox 1661 1513 1773 1560; x_wconf 91' lang='lat' dir='ltr'><strong>sepe</strong></span> 
     </span>
     <span class='ocr_line' id='line_1_18' title="bbox 363 1572 1774 1636; baseline -0.001 -15"><span class='ocrx_word' id='word_1_124' title='bbox 363 1574 580 1621; x_wconf 85' lang='lat' dir='ltr'><strong>veniebat</strong></span> <span class='ocrx_word' id='word_1_125' title='bbox 622 1589 769 1636; x_wconf 91' lang='lat' dir='ltr'><strong>usque</strong></span> <span class='ocrx_word' id='word_1_126' title='bbox 810 1589 959 1636; x_wconf 94' lang='lat' dir='ltr'><strong>prope</strong></span> <span class='ocrx_word' id='word_1_127' title='bbox 1003 1572 1221 1620; x_wconf 87' lang='lat' dir='ltr'><strong>Parisius.</strong></span> <span class='ocrx_word' id='word_1_128' title='bbox 1266 1576 1392 1620; x_wconf 92' lang='lat' dir='ltr'><strong>Tunc</strong></span> <span class='ocrx_word' id='word_1_129' title='bbox 1428 1572 1491 1619; x_wconf 83' lang='lat' dir='ltr'><strong>illi</strong></span> <span class='ocrx_word' id='word_1_130' title='bbox 1529 1572 1588 1620; x_wconf 91' lang='lat' dir='ltr'><strong>de</strong></span> <span class='ocrx_word' id='word_1_131' title='bbox 1623 1572 1774 1620; x_wconf 85' lang='lat' dir='ltr'><strong>tribus</strong></span> 
     </span>
    </p>
   </div>
   <div class='ocr_carea' id='block_1_3' title="bbox 304 1737 1772 2784">
    <p class='ocr_par' dir='ltr' id='par_1_4' title="bbox 304 1737 1771 2022">
     <span class='ocr_line' id='line_1_19' title="bbox 313 1737 1769 1786; baseline 0.001 -13"><span class='ocrx_word' id='word_1_132' title='bbox 313 1774 314 1777; x_wconf 66' lang='grc'>,</span> <span class='ocrx_word' id='word_1_133' title='bbox 364 1737 640 1774; x_wconf 85' lang='lat' dir='ltr'><strong>l&#39;ordonnance</strong></span> <span class='ocrx_word' id='word_1_134' title='bbox 670 1749 737 1773; x_wconf 89' lang='lat' dir='ltr'><strong>sur</strong></span> <span class='ocrx_word' id='word_1_135' title='bbox 761 1739 816 1774; x_wconf 86' lang='lat' dir='ltr'><strong>les</strong></span> <span class='ocrx_word' id='word_1_136' title='bbox 840 1737 1059 1784; x_wconf 84' lang='lat' dir='ltr'><strong>monnaies,</strong></span> <span class='ocrx_word' id='word_1_137' title='bbox 1080 1738 1174 1774; x_wconf 76' lang='lat' dir='ltr'><strong>dont</strong></span> <span class='ocrx_word' id='word_1_138' title='bbox 1201 1738 1274 1774; x_wconf 89' lang='lat' dir='ltr'><strong>elle</strong></span> <span class='ocrx_word' id='word_1_139' title='bbox 1299 1738 1366 1774; x_wconf 84' lang='lat' dir='ltr'><strong>fait</strong></span> <span class='ocrx_word' id='word_1_140' title='bbox 1394 1738 1585 1783; x_wconf 84' lang='lat' dir='ltr'><strong>mention,</strong></span> <span class='ocrx_word' id='word_1_141' title='bbox 1606 1738 1661 1775; x_wconf 79' lang='lat' dir='ltr'><strong>fut</strong></span> <span class='ocrx_word' id='word_1_142' title='bbox 1682 1750 1769 1786; x_wconf 87' lang='lat' dir='ltr'><strong>pro·</strong></span> 
     </span>
     <span class='ocr_line' id='line_1_20' title="bbox 304 1788 1770 1844; baseline 0.002 -13"><span class='ocrx_word' id='word_1_143' title='bbox 304 1788 308 1796; x_wconf 66' lang='lat'><strong><em>‘</em></strong></span> <span class='ocrx_word' id='word_1_144' title='bbox 364 1796 544 1843; x_wconf 80' lang='lat' dir='ltr'><strong>mulguee</strong></span> <span class='ocrx_word' id='word_1_145' title='bbox 573 1797 661 1844; x_wconf 86' lang='lat' dir='ltr'><strong>cinq</strong></span> <span class='ocrx_word' id='word_1_146' title='bbox 687 1797 795 1843; x_wconf 81' lang='lat' dir='ltr'><strong>jour-s</strong></span> <span class='ocrx_word' id='word_1_147' title='bbox 826 1798 936 1844; x_wconf 80' lang='lat' dir='ltr'><strong>apres</strong></span> <span class='ocrx_word' id='word_1_148' title='bbox 957 1797 991 1832; x_wconf 89' lang='lat' dir='ltr'><strong>le</strong></span> <span class='ocrx_word' id='word_1_149' title='bbox 1021 1797 1155 1844; x_wconf 79' lang='lat' dir='ltr'><strong>depart</strong></span> <span class='ocrx_word' id='word_1_150' title='bbox 1181 1797 1231 1832; x_wconf 94' lang='lat' dir='ltr'><strong>du</strong></span> <span class='ocrx_word' id='word_1_151' title='bbox 1261 1798 1418 1844; x_wconf 84' lang='lat' dir='ltr'><strong>regent;</strong></span> <span class='ocrx_word' id='word_1_152' title='bbox 1446 1798 1529 1834; x_wconf 82' lang='lat' dir='ltr'><strong>cela</strong></span> <span class='ocrx_word' id='word_1_153' title='bbox 1557 1809 1673 1834; x_wconf 82' lang='lat' dir='ltr'><strong>causa</strong></span> <span class='ocrx_word' id='word_1_154' title='bbox 1694 1810 1770 1834; x_wconf 91' lang='lat' dir='ltr'><strong>une</strong></span> 
     </span>
     <span class='ocr_line' id='line_1_21' title="bbox 363 1855 1770 1903; baseline 0.003 -13"><span class='ocrx_word' id='word_1_155' title='bbox 363 1857 515 1891; x_wconf 84' lang='lat' dir='ltr'><strong>emeute</strong></span> <span class='ocrx_word' id='word_1_156' title='bbox 538 1855 601 1903; x_wconf 87' lang='lat' dir='ltr'><strong>qui</strong></span> <span class='ocrx_word' id='word_1_157' title='bbox 623 1856 718 1892; x_wconf 82' lang='lat' dir='ltr'><strong>dura</strong></span> <span class='ocrx_word' id='word_1_158' title='bbox 739 1856 792 1891; x_wconf 81' lang='lat' dir='ltr'><strong>les</strong></span> <span class='ocrx_word' id='word_1_159' title='bbox 818 1856 873 1902; x_wconf 73' lang='lat'><strong>12,</strong></span> <span class='ocrx_word' id='word_1_160' title='bbox 898 1856 940 1892; x_wconf 66' lang='grc'><strong>’13</strong></span> <span class='ocrx_word' id='word_1_161' title='bbox 961 1861 999 1892; x_wconf 82' lang='lat' dir='ltr'><strong>et</strong></span> <span class='ocrx_word' id='word_1_162' title='bbox 1022 1856 1061 1892; x_wconf 79' lang='lat'><strong>14</strong></span> <span class='ocrx_word' id='word_1_163' title='bbox 1085 1856 1302 1900; x_wconf 81' lang='lat' dir='ltr'><strong>decembre,</strong></span> <span class='ocrx_word' id='word_1_164' title='bbox 1318 1862 1355 1892; x_wconf 83' lang='lat' dir='ltr'><strong>et</strong></span> <span class='ocrx_word' id='word_1_165' title='bbox 1375 1856 1409 1892; x_wconf 90' lang='grc'><strong>16</strong></span> <span class='ocrx_word' id='word_1_166' title='bbox 1430 1857 1565 1903; x_wconf 75' lang='lat' dir='ltr'><strong>prevot</strong></span> <span class='ocrx_word' id='word_1_167' title='bbox 1585 1857 1651 1893; x_wconf 89' lang='lat' dir='ltr'><strong>des</strong></span> <span class='ocrx_word' id='word_1_168' title='bbox 1671 1869 1770 1894; x_wconf 84' lang='lat' dir='ltr'><strong>mar-</strong></span> 
     </span>
     <span class='ocr_line' id='line_1_22' title="bbox 363 1911 1771 1963; baseline 0.002 -12"><span class='ocrx_word' id='word_1_169' title='bbox 363 1914 509 1951; x_wconf 86' lang='lat' dir='ltr'><strong>chands</strong></span> <span class='ocrx_word' id='word_1_170' title='bbox 531 1915 633 1963; x_wconf 70' lang='lat' dir='ltr'><strong>forca</strong></span> <span class='ocrx_word' id='word_1_171' title='bbox 654 1916 688 1951; x_wconf 94' lang='grc'><strong>16</strong></span> <span class='ocrx_word' id='word_1_172' title='bbox 716 1922 843 1952; x_wconf 86' lang='lat' dir='ltr'><strong>comte</strong></span> <span class='ocrx_word' id='word_1_173' title='bbox 869 1914 1037 1962; x_wconf 86' lang='lat' dir='ltr'><strong>d&#39;Anjou</strong></span> <span class='ocrx_word' id='word_1_174' title='bbox 1059 1915 1081 1950; x_wconf 74' lang='lat' dir='ltr'><strong>a</strong></span> <span class='ocrx_word' id='word_1_175' title='bbox 1110 1911 1583 1962; x_wconf 74' lang='lat' dir='ltr'><strong>suspendre&#39;l&#39;execution</strong></span> <span class='ocrx_word' id='word_1_176' title='bbox 1603 1916 1649 1953; x_wconf 90' lang='lat' dir='ltr'><strong>de</strong></span> <span class='ocrx_word' id='word_1_177' title='bbox 1671 1922 1771 1954; x_wconf 87' lang='lat' dir='ltr'><strong>cette</strong></span> 
     </span>
     <span class='ocr_line' id='line_1_23' title="bbox 362 1973 1249 2022; baseline 0 -13"><span class='ocrx_word' id='word_1_178' title='bbox 362 1973 609 2010; x_wconf 87' lang='lat' dir='ltr'><strong>ordonnance</strong></span> <span class='ocrx_word' id='word_1_179' title='bbox 628 1974 808 2022; x_wconf 88' lang='lat' dir='ltr'><strong>jusqu&#39;au</strong></span> <span class='ocrx_word' id='word_1_180' title='bbox 832 1980 960 2010; x_wconf 86' lang='lat' dir='ltr'><strong>retour</strong></span> <span class='ocrx_word' id='word_1_181' title='bbox 979 1974 1025 2010; x_wconf 88' lang='lat' dir='ltr'><strong>de</strong></span> <span class='ocrx_word' id='word_1_182' title='bbox 1047 1985 1117 2010; x_wconf 92' lang='lat' dir='ltr'><strong>son</strong></span> <span class='ocrx_word' id='word_1_183' title='bbox 1138 1974 1249 2010; x_wconf 81' lang='lat' dir='ltr'><strong>frere.</strong></span> 
     </span>
    </p>

    <p class='ocr_par' dir='ltr' id='par_1_5' title="bbox 363 2033 1772 2200">
     <span class='ocr_line' id='line_1_24' title="bbox 410 2033 1770 2075; baseline 0.002 -7"><span class='ocrx_word' id='word_1_184' title='bbox 410 2034 442 2068; x_wconf 78' lang='grc'><strong>1.</strong></span> <span class='ocrx_word' id='word_1_185' title='bbox 466 2033 566 2068; x_wconf 85' lang='lat' dir='ltr'><strong>Tout</strong></span> <span class='ocrx_word' id='word_1_186' title='bbox 595 2033 678 2069; x_wconf 85' lang='lat' dir='ltr'><strong>cela</strong></span> <span class='ocrx_word' id='word_1_187' title='bbox 704 2039 763 2070; x_wconf 80' lang='lat' dir='ltr'><strong>est</strong></span> <span class='ocrx_word' id='word_1_188' title='bbox 789 2040 923 2075; x_wconf 82' lang='lat' dir='ltr'><strong>exact;</strong></span> <span class='ocrx_word' id='word_1_189' title='bbox 954 2044 1032 2069; x_wconf 89' lang='lat' dir='ltr'><strong>non</strong></span> <span class='ocrx_word' id='word_1_190' title='bbox 1060 2034 1277 2070; x_wconf 86' lang='lat' dir='ltr'><strong>seulement</strong></span> <span class='ocrx_word' id='word_1_191' title='bbox 1303 2033 1338 2069; x_wconf 90' lang='lat' dir='ltr'><strong>le</strong></span> <span class='ocrx_word' id='word_1_192' title='bbox 1359 2033 1432 2069; x_wconf 88' lang='lat' dir='ltr'><strong>duc</strong></span> <span class='ocrx_word' id='word_1_193' title='bbox 1459 2033 1505 2069; x_wconf 89' lang='lat' dir='ltr'><strong>de</strong></span> <span class='ocrx_word' id='word_1_194' title='bbox 1531 2033 1770 2072; x_wconf 85' lang='lat' dir='ltr'><strong>Normandie</strong></span> 
     </span>
     <span class='ocr_line' id='line_1_25' title="bbox 363 2092 1772 2140; baseline 0.001 -12"><span class='ocrx_word' id='word_1_195' title='bbox 363 2093 417 2128; x_wconf 80' lang='lat' dir='ltr'><strong>sut</strong></span> <span class='ocrx_word' id='word_1_196' title='bbox 438 2092 563 2139; x_wconf 83' lang='lat' dir='ltr'><strong>oblige</strong></span> <span class='ocrx_word' id='word_1_197' title='bbox 584 2092 629 2128; x_wconf 90' lang='lat' dir='ltr'><strong>de</strong></span> <span class='ocrx_word' id='word_1_198' title='bbox 651 2094 840 2140; x_wconf 83' lang='lat' dir='ltr'><strong>revoquer</strong></span> <span class='ocrx_word' id='word_1_199' title='bbox 865 2104 935 2129; x_wconf 89' lang='lat' dir='ltr'><strong>son</strong></span> <span class='ocrx_word' id='word_1_200' title='bbox 957 2093 1221 2139; x_wconf 85' lang='lat' dir='ltr'><strong>ordonnance,</strong></span> <span class='ocrx_word' id='word_1_201' title='bbox 1243 2093 1342 2128; x_wconf 84' lang='lat' dir='ltr'><strong>mais</strong></span> <span class='ocrx_word' id='word_1_202' title='bbox 1364 2092 1398 2129; x_wconf 91' lang='lat' dir='ltr'><strong>le</strong></span> <span class='ocrx_word' id='word_1_203' title='bbox 1425 2093 1559 2139; x_wconf 77' lang='lat' dir='ltr'><strong>prevot</strong></span> <span class='ocrx_word' id='word_1_204' title='bbox 1580 2092 1646 2128; x_wconf 87' lang='lat' dir='ltr'><strong>des</strong></span> <span class='ocrx_word' id='word_1_205' title='bbox 1666 2104 1772 2130; x_wconf 85' lang='lat' dir='ltr'><strong>mar-</strong></span> 
     </span>
     <span class='ocr_line' id='line_1_26' title="bbox 363 2145 1682 2200; baseline 0.001 -13"><span class='ocrx_word' id='word_1_206' title='bbox 363 2152 511 2188; x_wconf 87' lang='lat' dir='ltr'><strong>chands</strong></span> <span class='ocrx_word' id='word_1_207' title='bbox 532 2152 565 2188; x_wconf 87' lang='lat' dir='ltr'><strong>le</strong></span> <span class='ocrx_word' id='word_1_208' title='bbox 587 2152 692 2200; x_wconf 70' lang='lat' dir='ltr'><strong>forca</strong></span> <span class='ocrx_word' id='word_1_209' title='bbox 712 2153 734 2188; x_wconf 74' lang='lat' dir='ltr'><strong>a</strong></span> <span class='ocrx_word' id='word_1_210' title='bbox 755 2163 976 2200; x_wconf 84' lang='lat' dir='ltr'><strong>convoquer</strong></span> <span class='ocrx_word' id='word_1_211' title='bbox 996 2153 1051 2188; x_wconf 87' lang='lat' dir='ltr'><strong>les</strong></span> <span class='ocrx_word' id='word_1_212' title='bbox 1073 2145 1183 2188; x_wconf 82' lang='lat' dir='ltr'><strong>Etats</strong></span> <span class='ocrx_word' id='word_1_213' title='bbox 1204 2164 1300 2199; x_wconf 86' lang='lat' dir='ltr'><strong>pour</strong></span> <span class='ocrx_word' id='word_1_214' title='bbox 1321 2152 1355 2188; x_wconf 90' lang='grc'><strong>16</strong></span> <span class='ocrx_word' id='word_1_215' title='bbox 1377 2153 1397 2189; x_wconf 85' lang='grc'>5</span> <span class='ocrx_word' id='word_1_216' title='bbox 1418 2151 1558 2188; x_wconf 83' lang='lat' dir='ltr'><strong>fe&#39;vrier</strong></span> <span class='ocrx_word' id='word_1_217' title='bbox 1580 2152 1682 2188; x_wconf 78' lang='lat'>1357.</span> 
     </span>
    </p>

    <p class='ocr_par' dir='ltr' id='par_1_6' title="bbox 361 2201 1768 2492">
     <span class='ocr_line' id='line_1_27' title="bbox 408 2201 1767 2258; baseline 0 -11"><span class='ocrx_word' id='word_1_218' title='bbox 408 2212 442 2247; x_wconf 74' lang='lat'><strong>2.</strong></span> <span class='ocrx_word' id='word_1_219' title='bbox 466 2211 536 2247; x_wconf 88' lang='lat' dir='ltr'><strong>Ces</strong></span> <span class='ocrx_word' id='word_1_220' title='bbox 559 2211 653 2246; x_wconf 86' lang='lat' dir='ltr'><strong>neuf</strong></span> <span class='ocrx_word' id='word_1_221' title='bbox 671 2212 945 2247; x_wconf 82' lang='lat' dir='ltr'><strong>reformateurs</strong></span> <span class='ocrx_word' id='word_1_222' title='bbox 967 2222 1015 2248; x_wconf 89' lang='lat' dir='ltr'><strong>ne</strong></span> <span class='ocrx_word' id='word_1_223' title='bbox 1040 2211 1169 2247; x_wconf 85' lang='lat' dir='ltr'><strong>furent</strong></span> <span class='ocrx_word' id='word_1_224' title='bbox 1190 2222 1258 2258; x_wconf 85' lang='lat' dir='ltr'><strong>pas</strong></span> <span class='ocrx_word' id='word_1_225' title='bbox 1279 2211 1457 2247; x_wconf 80' lang='lat' dir='ltr'><strong>nommes</strong></span> <span class='ocrx_word' id='word_1_226' title='bbox 1476 2221 1546 2257; x_wconf 87' lang='lat' dir='ltr'><strong>par</strong></span> <span class='ocrx_word' id='word_1_227' title='bbox 1567 2210 1622 2247; x_wconf 91' lang='lat' dir='ltr'><strong>les</strong></span> <span class='ocrx_word' id='word_1_228' title='bbox 1642 2201 1767 2256; x_wconf 79' lang='lat' dir='ltr'><strong>Etats,</strong></span> 
     </span>
     <span class='ocr_line' id='line_1_28' title="bbox 363 2269 1763 2316; baseline 0.001 -13"><span class='ocrx_word' id='word_1_229' title='bbox 363 2269 459 2304; x_wconf 83' lang='lat' dir='ltr'><strong>mais</strong></span> <span class='ocrx_word' id='word_1_230' title='bbox 480 2280 547 2315; x_wconf 83' lang='lat' dir='ltr'><strong>par</strong></span> <span class='ocrx_word' id='word_1_231' title='bbox 568 2269 601 2305; x_wconf 91' lang='lat' dir='ltr'><strong>le</strong></span> <span class='ocrx_word' id='word_1_232' title='bbox 625 2271 771 2316; x_wconf 58' lang='lat' dir='ltr'><strong>rogent,</strong></span> <span class='ocrx_word' id='word_1_233' title='bbox 794 2270 866 2306; x_wconf 88' lang='lat' dir='ltr'><strong>duc</strong></span> <span class='ocrx_word' id='word_1_234' title='bbox 887 2270 932 2306; x_wconf 86' lang='lat' dir='ltr'><strong>de</strong></span> <span class='ocrx_word' id='word_1_235' title='bbox 954 2269 1193 2307; x_wconf 84' lang='lat' dir='ltr'><strong>Normandie</strong></span> <span class='ocrx_word' id='word_1_236' title='bbox 1217 2269 1435 2315; x_wconf 83' lang='lat' dir='ltr'><strong>(Froissart,</strong></span> <span class='ocrx_word' id='word_1_237' title='bbox 1457 2270 1514 2306; x_wconf 73' lang='lat' dir='ltr'><strong>ed.</strong></span> <span class='ocrx_word' id='word_1_238' title='bbox 1534 2270 1650 2315; x_wconf 90' lang='lat' dir='ltr'><strong>Luce,</strong></span> <span class='ocrx_word' id='word_1_239' title='bbox 1667 2277 1694 2306; x_wconf 80' lang='lat' dir='ltr'><strong>t.</strong></span> <span class='ocrx_word' id='word_1_240' title='bbox 1716 2270 1763 2315; x_wconf 88' lang='lat' dir='ltr'><strong>V,</strong></span> 
     </span>
     <span class='ocr_line' id='line_1_29' title="bbox 364 2319 1768 2376; baseline 0.003 -14"><span class='ocrx_word' id='word_1_241' title='bbox 364 2341 397 2375; x_wconf 77' lang='lat' dir='ltr'><strong>p.</strong></span> <span class='ocrx_word' id='word_1_242' title='bbox 422 2339 498 2368; x_wconf 81' lang='lat' dir='ltr'><strong>x1x,</strong></span> <span class='ocrx_word' id='word_1_243' title='bbox 516 2333 604 2363; x_wconf 81' lang='lat' dir='ltr'><strong>note</strong></span> <span class='ocrx_word' id='word_1_244' title='bbox 629 2330 672 2373; x_wconf 84' lang='lat'><strong>1).</strong></span> <span class='ocrx_word' id='word_1_245' title='bbox 696 2329 749 2364; x_wconf 87' lang='lat' dir='ltr'><strong>Le</strong></span> <span class='ocrx_word' id='word_1_246' title='bbox 765 2329 886 2375; x_wconf 79' lang='lat' dir='ltr'><strong>grand</strong></span> <span class='ocrx_word' id='word_1_247' title='bbox 908 2329 1054 2366; x_wconf 86' lang='lat' dir='ltr'><strong>conseil</strong></span> <span class='ocrx_word' id='word_1_248' title='bbox 1071 2329 1249 2376; x_wconf 77' lang='lat' dir='ltr'><strong>organise</strong></span> <span class='ocrx_word' id='word_1_249' title='bbox 1270 2340 1338 2375; x_wconf 81' lang='lat' dir='ltr'><strong>par</strong></span> <span class='ocrx_word' id='word_1_250' title='bbox 1353 2329 1406 2364; x_wconf 83' lang='lat' dir='ltr'><strong>les</strong></span> <span class='ocrx_word' id='word_1_251' title='bbox 1428 2319 1538 2365; x_wconf 79' lang='lat' dir='ltr'><strong>Etats</strong></span> <span class='ocrx_word' id='word_1_252' title='bbox 1558 2329 1651 2366; x_wconf 82' lang='lat' dir='ltr'><strong>etait</strong></span> <span class='ocrx_word' id='word_1_253' title='bbox 1667 2340 1768 2366; x_wconf 90' lang='lat' dir='ltr'><strong>com-</strong></span> 
     </span>
     <span class='ocr_line' id='line_1_30' title="bbox 361 2385 1766 2435; baseline 0.002 -15"><span class='ocrx_word' id='word_1_254' title='bbox 361 2387 452 2432; x_wconf 78' lang='lat' dir='ltr'><strong>pose</strong></span> <span class='ocrx_word' id='word_1_255' title='bbox 473 2385 517 2420; x_wconf 92' lang='lat' dir='ltr'><strong>de</strong></span> <span class='ocrx_word' id='word_1_256' title='bbox 538 2392 822 2434; x_wconf 77' lang='lat' dir='ltr'><strong>trente—quatre</strong></span> <span class='ocrx_word' id='word_1_257' title='bbox 844 2388 1036 2424; x_wconf 87' lang='lat' dir='ltr'><strong>membres</strong></span> <span class='ocrx_word' id='word_1_258' title='bbox 1057 2389 1195 2433; x_wconf 59' lang='lat' dir='ltr'><strong>(mist),</strong></span> <span class='ocrx_word' id='word_1_259' title='bbox 1218 2393 1305 2424; x_wconf 84' lang='lat' dir='ltr'><strong>tous</strong></span> <span class='ocrx_word' id='word_1_260' title='bbox 1326 2399 1375 2424; x_wconf 89' lang='lat' dir='ltr'><strong>ou</strong></span> <span class='ocrx_word' id='word_1_261' title='bbox 1395 2398 1558 2435; x_wconf 79' lang='lat' dir='ltr'><strong>presque</strong></span> <span class='ocrx_word' id='word_1_262' title='bbox 1578 2393 1665 2424; x_wconf 87' lang='lat' dir='ltr'><strong>tous</strong></span> <span class='ocrx_word' id='word_1_263' title='bbox 1689 2401 1704 2421; x_wconf 77' lang='grc' dir='ltr'>α</span> <span class='ocrx_word' id='word_1_264' title='bbox 1722 2387 1766 2423; x_wconf 83' lang='grc'><strong>(16</strong></span> 
     </span>
     <span class='ocr_line' id='line_1_31' title="bbox 366 2443 1043 2492; baseline 0.003 -14"><span class='ocrx_word' id='word_1_265' title='bbox 366 2458 379 2478; x_wconf 77' lang='grc' dir='ltr'><strong>α</strong></span> <span class='ocrx_word' id='word_1_266' title='bbox 406 2444 440 2479; x_wconf 84' lang='lat' dir='ltr'><strong>la</strong></span> <span class='ocrx_word' id='word_1_267' title='bbox 461 2448 564 2480; x_wconf 85' lang='lat' dir='ltr'><strong>secte</strong></span> <span class='ocrx_word' id='word_1_268' title='bbox 585 2443 635 2479; x_wconf 91' lang='lat' dir='ltr'><strong>du</strong></span> <span class='ocrx_word' id='word_1_269' title='bbox 657 2457 725 2492; x_wconf 77' lang='lat' dir='ltr'><strong>roy</strong></span> <span class='ocrx_word' id='word_1_270' title='bbox 747 2446 791 2482; x_wconf 90' lang='lat' dir='ltr'><strong>de</strong></span> <span class='ocrx_word' id='word_1_271' title='bbox 815 2446 1001 2483; x_wconf 83' lang='lat' dir='ltr'><strong>Navarre.</strong></span> <span class='ocrx_word' id='word_1_272' title='bbox 1027 2461 1043 2480; x_wconf 89' lang='lat'>»</span> 
     </span>
    </p>

    <p class='ocr_par' dir='ltr' id='par_1_7' title="bbox 365 2502 1766 2784">
     <span class='ocr_line' id='line_1_32' title="bbox 410 2502 1763 2552; baseline 0.001 -14"><span class='ocrx_word' id='word_1_273' title='bbox 410 2503 443 2538; x_wconf 88' lang='grc'><strong>3.</strong></span> <span class='ocrx_word' id='word_1_274' title='bbox 466 2502 567 2538; x_wconf 78' lang='lat' dir='ltr'><strong>C&#39;est</strong></span> <span class='ocrx_word' id='word_1_275' title='bbox 587 2502 632 2537; x_wconf 85' lang='lat' dir='ltr'><strong>de</strong></span> <span class='ocrx_word' id='word_1_276' title='bbox 655 2503 706 2538; x_wconf 89' lang='lat' dir='ltr'><strong>lui</strong></span> <span class='ocrx_word' id='word_1_277' title='bbox 727 2516 799 2550; x_wconf 80' lang='lat' dir='ltr'><strong>que</strong></span> <span class='ocrx_word' id='word_1_278' title='bbox 822 2505 967 2541; x_wconf 83' lang='lat' dir='ltr'><strong>Robert</strong></span> <span class='ocrx_word' id='word_1_279' title='bbox 988 2506 1022 2541; x_wconf 94' lang='grc'><strong>16</strong></span> <span class='ocrx_word' id='word_1_280' title='bbox 1044 2505 1122 2552; x_wconf 89' lang='lat' dir='ltr'><strong>Coq</strong></span> <span class='ocrx_word' id='word_1_281' title='bbox 1142 2505 1256 2541; x_wconf 85' lang='lat' dir='ltr'><strong>disait</strong></span> <span class='ocrx_word' id='word_1_282' title='bbox 1271 2516 1318 2542; x_wconf 82' lang='lat' dir='ltr'><strong>au</strong></span> <span class='ocrx_word' id='word_1_283' title='bbox 1340 2505 1413 2542; x_wconf 91' lang='lat' dir='ltr'><strong>duc</strong></span> <span class='ocrx_word' id='word_1_284' title='bbox 1434 2505 1479 2542; x_wconf 89' lang='lat' dir='ltr'><strong>de</strong></span> <span class='ocrx_word' id='word_1_285' title='bbox 1501 2504 1737 2541; x_wconf 84' lang='lat' dir='ltr'><strong>Normandie</strong></span> <span class='ocrx_word' id='word_1_286' title='bbox 1756 2518 1763 2540; x_wconf 89' lang='lat'>:</span> 
     </span>
     <span class='ocr_line' id='line_1_33' title="bbox 365 2560 1766 2611; baseline 0.001 -14"><span class='ocrx_word' id='word_1_287' title='bbox 365 2575 381 2593; x_wconf 90' lang='lat'>«</span> <span class='ocrx_word' id='word_1_288' title='bbox 405 2571 446 2597; x_wconf 85' lang='lat' dir='ltr'><strong>ce</strong></span> <span class='ocrx_word' id='word_1_289' title='bbox 474 2560 672 2605; x_wconf 82' lang='lat' dir='ltr'><strong>bouchier,</strong></span> <span class='ocrx_word' id='word_1_290' title='bbox 701 2563 860 2598; x_wconf 83' lang='lat' dir='ltr'><strong>messirc</strong></span> <span class='ocrx_word' id='word_1_291' title='bbox 894 2564 1041 2611; x_wconf 82' lang='lat' dir='ltr'><strong>Symon</strong></span> <span class='ocrx_word' id='word_1_292' title='bbox 1072 2564 1117 2599; x_wconf 90' lang='lat' dir='ltr'><strong>de</strong></span> <span class='ocrx_word' id='word_1_293' title='bbox 1148 2564 1275 2611; x_wconf 84' lang='lat' dir='ltr'><strong>Bucy,</strong></span> <span class='ocrx_word' id='word_1_294' title='bbox 1298 2564 1363 2611; x_wconf 84' lang='lat' dir='ltr'><strong>qui</strong></span> <span class='ocrx_word' id='word_1_295' title='bbox 1393 2564 1456 2600; x_wconf 81' lang='lat' dir='ltr'><strong>n&#39;a</strong></span> <span class='ocrx_word' id='word_1_296' title='bbox 1485 2564 1587 2600; x_wconf 76' lang='lat' dir='ltr'><strong>desir</strong></span> <span class='ocrx_word' id='word_1_297' title='bbox 1615 2564 1691 2601; x_wconf 86' lang='lat' dir='ltr'><strong>fors</strong></span> <span class='ocrx_word' id='word_1_298' title='bbox 1720 2563 1766 2599; x_wconf 90' lang='grc'><strong>(16</strong></span> 
     </span>
     <span class='ocr_line' id='line_1_34' title="bbox 366 2616 1762 2667; baseline 0.001 -13"><span class='ocrx_word' id='word_1_299' title='bbox 366 2632 380 2650; x_wconf 89' lang='lat'>«</span> <span class='ocrx_word' id='word_1_300' title='bbox 405 2618 594 2665; x_wconf 84' lang='lat' dir='ltr'><strong>espandre</strong></span> <span class='ocrx_word' id='word_1_301' title='bbox 616 2619 648 2653; x_wconf 85' lang='lat' dir='ltr'><strong>le</strong></span> <span class='ocrx_word' id='word_1_302' title='bbox 671 2630 763 2654; x_wconf 80' lang='lat' dir='ltr'><strong>sanc</strong></span> <span class='ocrx_word' id='word_1_303' title='bbox 784 2620 828 2655; x_wconf 83' lang='lat' dir='ltr'><strong>de</strong></span> <span class='ocrx_word' id='word_1_304' title='bbox 850 2621 998 2657; x_wconf 80' lang='lat' dir='ltr'><strong>France</strong></span> <span class='ocrx_word' id='word_1_305' title='bbox 1016 2636 1030 2655; x_wconf 91' lang='lat'>»</span> <span class='ocrx_word' id='word_1_306' title='bbox 1052 2623 1309 2667; x_wconf 63' lang='lat' dir='ltr'><strong>(Bibliothe&#39;eque</strong></span> <span class='ocrx_word' id='word_1_307' title='bbox 1328 2624 1369 2658; x_wconf 82' lang='lat' dir='ltr'><strong>de</strong></span> <span class='ocrx_word' id='word_1_308' title='bbox 1384 2616 1512 2659; x_wconf 73' lang='lat' dir='ltr'><strong>l&#39;E&#39;cole</strong></span> <span class='ocrx_word' id='word_1_309' title='bbox 1532 2625 1590 2658; x_wconf 84' lang='lat' dir='ltr'><strong>des</strong></span> <span class='ocrx_word' id='word_1_310' title='bbox 1610 2623 1762 2665; x_wconf 66' lang='lat' dir='ltr'><strong>char-tes,</strong></span> 
     </span>
     <span class='ocr_line' id='line_1_35' title="bbox 365 2678 1759 2726; baseline 0.003 -14"><span class='ocrx_word' id='word_1_311' title='bbox 365 2685 390 2712; x_wconf 75' lang='lat' dir='ltr'><strong>t.</strong></span> <span class='ocrx_word' id='word_1_312' title='bbox 423 2678 472 2721; x_wconf 80' lang='grc' dir='ltr'><strong>ΙΙ,</strong></span> <span class='ocrx_word' id='word_1_313' title='bbox 504 2679 628 2713; x_wconf 80' lang='lat' dir='ltr'><strong>annee</strong></span> <span class='ocrx_word' id='word_1_314' title='bbox 662 2678 880 2722; x_wconf 70' lang='grc'><strong>’1840-1841,</strong></span> <span class='ocrx_word' id='word_1_315' title='bbox 913 2682 993 2716; x_wconf 80' lang='lat' dir='ltr'><strong>Acte</strong></span> <span class='ocrx_word' id='word_1_316' title='bbox 1025 2682 1272 2717; x_wconf 80' lang='lat' dir='ltr'><strong>d&#39;accusatz&#39;on</strong></span> <span class='ocrx_word' id='word_1_317' title='bbox 1306 2686 1428 2718; x_wconf 79' lang='lat' dir='ltr'><strong>contre</strong></span> <span class='ocrx_word' id='word_1_318' title='bbox 1462 2683 1587 2719; x_wconf 80' lang='lat' dir='ltr'><strong>Roberc</strong></span> <span class='ocrx_word' id='word_1_319' title='bbox 1620 2683 1648 2715; x_wconf 79' lang='lat' dir='ltr'><strong>le</strong></span> <span class='ocrx_word' id='word_1_320' title='bbox 1681 2681 1759 2726; x_wconf 82' lang='lat' dir='ltr'><strong>Coq.</strong></span> 
     </span>
     <span class='ocr_line' id='line_1_36' title="bbox 366 2736 1077 2784; baseline 0.008 -15"><span class='ocrx_word' id='word_1_321' title='bbox 366 2736 490 2782; x_wconf 68' lang='lat' dir='ltr'><strong>public</strong></span> <span class='ocrx_word' id='word_1_322' title='bbox 515 2748 581 2782; x_wconf 74' lang='lat' dir='ltr'><strong>par</strong></span> <span class='ocrx_word' id='word_1_323' title='bbox 603 2737 727 2772; x_wconf 76' lang='lat' dir='ltr'><strong>Donet</strong></span> <span class='ocrx_word' id='word_1_324' title='bbox 748 2736 903 2784; x_wconf 77' lang='lat' dir='ltr'><strong>d&#39;Arcq,</strong></span> <span class='ocrx_word' id='word_1_325' title='bbox 926 2751 960 2784; x_wconf 90' lang='lat' dir='ltr'><strong>p.</strong></span> <span class='ocrx_word' id='word_1_326' title='bbox 985 2740 1077 2784; x_wconf 83' lang='lat'><strong>368).</strong></span> 
     </span>
    </p>
   </div>
  </div>
 </body>
</html>
