1923 3358
302 278 323 314 (Ζ
572 278 939 312 CHRONOGRAPHIA
966 278 1117 309 REGUM
1143 277 1420 310 FRANCORUM.
1589 272 1694 320 [1328

301 375 421 406 uxor
446 360 560 421 ejus,
582 375 717 406 soror
735 357 947 405 videlicet
966 356 1156 414 Odonis‚
1185 356 1315 404 ducis
1335 357 1620 421 Burgundie,
1649 359 1696 405 in

299 435 523 499 reginam.

361 516 526 563 Comes
551 519 706 561 autem
732 512 944 560 Flandrie
971 511 1231 560 Ludovicus
1258 511 1433 558 ibidem
1459 511 1605 559 factus
1627 517 1698 559 est

296 590 454 646 miles;
481 590 570 647 hic,
602 589 649 637 in
675 588 902 654 cingendo
922 605 1081 636 ensem
1099 588 1217 653 regi,
1241 587 1476 635 humiliter
1495 587 1696 651 suplica-

296 667 360 713 vit
403 666 555 714 eidem
598 666 724 729 quod
769 666 856 714 sibi
899 665 1171 714 subveniret
1209 670 1370 712 contra
1414 664 1694 722 Flandriam‚

294 741 491 806 patriam
527 759 684 800 suam,
725 742 811 790 sibi
845 742 1148 790 rebellantem
1183 746 1231 788 et
1266 740 1635 797 inobedientem,
1674 757 1700 787 a

294 836 384 883 qua
416 820 637 883 expulsus
666 826 764 867 erat
792 835 884 866 non
909 818 1126 866 obstante
1152 833 1266 881 pace
1292 818 1422 881 prius
1448 823 1549 865 acta
1573 816 1698 881 apud

293 896 519 943 Archas1.

357 972 533 1020 Idcirco
558 988 660 1026 rex,
692 971 865 1020 vocatis
888 971 946 1019 ad
967 988 1017 1018 se
1040 970 1295 1018 baronibus
1321 971 1432 1028 suis,
1455 969 1700 1034 requisivit

293 1049 376 1105 eis,
394 1065 482 1112 pro
500 1048 720 1095 fidelitate
741 1065 832 1111 qua
851 1047 937 1094 sibi
955 1047 1250 1104 tenebantur,
1271 1047 1488 1110 quatinus
1507 1046 1554 1093 in
1574 1053 1700 1094 octa-

294 1142 405 1173 vum
435 1125 700 1189 Magdalene
733 1125 950 1188 proximo
983 1129 1275 1186 sequentem,
1305 1130 1460 1171 essent
1485 1123 1531 1170 in
1557 1123 1700 1171 armis

294 1203 418 1266 apud
428 1202 740 1260 Attrebatum,
754 1202 975 1265 quoniam
989 1201 1259 1248 intendebat
1272 1201 1534 1265 Flamingos
1545 1200 1701 1247 debel-

294 1280 389 1327 lare
416 1285 461 1327 et
487 1280 573 1327 sibi
607 1279 796 1327 omnino
828 1278 1083 1326 submitere
1111 1277 1261 1341 (si0)2.
1292 1276 1467 1334 Quibus
1498 1292 1702 1323 annuen-

293 1356 433 1412 tibus,
461 1356 561 1419 ipse
591 1371 697 1403 cum
722 1355 882 1419 regina
906 1372 932 1401 a
962 1354 1119 1402 Remis
1145 1354 1386 1411 recedens,
1416 1352 1555 1401 rediit
1577 1352 1703 1400 Pari-

294 1432 389 1480 sius
414 1431 492 1480 ubi
517 1432 716 1480 multum
744 1431 998 1479 honorifice
1024 1437 1268 1494 susceptus
1295 1431 1409 1478 est3.

296 1598 311 1618 α
335 1583 514 1620 Matheus
534 1583 580 1619 de
599 1583 690 1619 Tria
707 1593 774 1629 pro
795 1581 993 1629 stipendiis
1015 1581 1108 1628 suis,
1131 1581 1246 1617 unius
1267 1580 1426 1617 alterius
1446 1580 1580 1616 militis
1600 1581 1698 1617 ban-

297 1657 313 1675 «
336 1641 447 1687 nerii,
468 1641 518 1688 xij
543 1641 707 1677 aliorum
726 1640 893 1676 militum
914 1640 999 1676 sine
1026 1639 1214 1676 banne-ria
1234 1645 1271 1676 et
1292 1639 1358 1686 liiij
1383 1638 1698 1675 scutiferorum...

297 1714 313 1733 «
335 1700 459 1736 eundo
492 1704 529 1736 et
562 1699 755 1735 redeundo
785 1699 832 1735 ad
862 1698 1126 1735 coronandum
1158 1698 1306 1745 Regem
1339 1697 1438 1744 apud
1470 1697 1604 1734 Remis
1632 1708 1701 1744 per

297 1773 313 1793 «
335 1759 396 1806 xvj
413 1759 508 1806 dies,
523 1759 694 1806 exceptis
709 1771 730 1795 v
745 1758 878 1795 diebus
896 1758 1035 1805 quibus
1056 1758 1127 1794 fuit,
1141 1757 1182 1793 in
1197 1758 1289 1793 villa
1310 1756 1496 1794 Remensi
1509 1768 1576 1804 pro
1597 1756 1700 1793 dicto

298 1831 314 1851 «
336 1821 609 1853 coronamento
632 1830 647 1849 »
673 1816 707 1863 (ὁ.
727 1816 763 1852 la
783 1816 869 1852 date
890 1816 939 1852 du
960 1816 979 1852 6
1001 1815 1099 1852 avril
1120 1816 1222 1861 1329,
1246 1827 1285 1851 n.
1311 1817 1387 1858 st.).
1405 1835 1450 1841 ——
1469 1814 1538 1852 Cet
1559 1814 1700 1851 extrait

295 1879 352 1911 est
372 1875 575 1922 emprunte
596 1886 671 1911 aux
689 1875 883 1922 journaux
903 1873 953 1910 du
973 1874 1113 1911 Tresor
1139 1873 1184 1910 de
1214 1874 1387 1920 philippe
1408 1873 1464 1909 VI
1484 1873 1529 1909 de
1549 1873 1699 1918 Valois,

295 1933 386 1970 dont
407 1944 497 1970 mon
519 1933 694 1970 confrere
714 1938 751 1969 et
772 1933 849 1969 ami
869 1933 920 1968 M.
938 1933 1057 1969 Viarcl
1072 1933 1230 1980 prepare
1252 1932 1421 1969 sedition
1441 1943 1538 1979 pour
1558 1932 1595 1968 la
1613 1931 1700 1968 Col-

295 1993 434 2029 lcction
454 1992 519 2030 des
542 1992 780 2029 Documeuts
800 1992 953 2028 ine'dits.
969 1992 1016 2028 Je
1036 1992 1287 2039 m'empresse
1308 1991 1354 2028 de
1374 1991 1409 2027 le
1430 1991 1638 2028 remercier
1655 1990 1701 2027 de

295 2062 364 2087 son
385 2051 599 2098 obligeante
622 2051 950 2088 communication
972 2051 1036 2098 qui
1061 2051 1137 2087 m'a
1162 2051 1304 2097 permis
1332 2050 1376 2086 de
1407 2050 1500 2086 faire
1521 2050 1565 2086 de
1587 2060 1700 2087 nom-

294 2109 414 2145 breux
432 2114 632 2156 cmprunts
655 2121 731 2145 aux
750 2114 875 2146 textes
897 2109 928 2145 si
950 2109 1110 2146 curieux
1133 2108 1223 2156 qu'il
1245 2120 1292 2145 va
1312 2108 1473 2155 puhlier.

343 2170 375 2204 1.
398 2169 470 2204 Les
492 2168 722 2215 chroniques
750 2173 953 2204 racontent
973 2179 1045 2215 que
1074 2168 1109 2204 le
1131 2172 1253 2204 comte
1275 2167 1319 2203 de
1340 2167 1505 2203 Flandre
1526 2167 1567 2203 fit
1587 2167 1699 2204 hom-

296 2238 406 2274 mage
427 2238 475 2262 au
496 2226 551 2262 roi
572 2226 617 2261 de
638 2226 807 2270 Frunce;
831 2227 922 2263 c’est
944 2227 978 2263 le
999 2226 1219 2263 lendemain
1240 2225 1289 2261 du
1316 2236 1424 2262 suere
1445 2226 1535 2272 qu'il
1555 2225 1611 2262 fut
1633 2225 1699 2262 fait

296 2285 500 2322 chevalier.
525 2285 744 2331 (Froissart,
766 2286 823 2322 ed.
847 2286 965 2332 Luce,
987 2291 1012 2321 t.
1036 2285 1068 2331 Ι,
1090 2297 1125 2332 p.
1151 2285 1243 2332 cliij,
1266 2291 1355 2320 note
1377 2285 1423 2327 Ξ.)
1447 2284 1505 2320 En
1520 2289 1604 2321 tout
1618 2295 1698 2332 cas,

297 2345 330 2380 le
352 2344 624 2380 continuateur
647 2343 691 2380 de
714 2344 932 2380 Guillaume
953 2344 997 2380 de
1018 2344 1169 2391 Nangis
1190 2343 1317 2379 donne
1336 2344 1391 2379 les
1411 2344 1496 2390 plus
1516 2344 1700 2391 precieux

296 2403 432 2440 details
458 2414 524 2439 sur
549 2414 624 2440 une
652 2408 752 2439 sorte
779 2403 823 2439 de
845 2403 991 2440 conseil
1018 2402 1063 2439 de
1085 2413 1222 2450 guerre
1248 2402 1313 2449 qui
1335 2408 1399 2439 eut
1419 2403 1497 2439 lieu
1517 2403 1538 2439 a
1564 2402 1699 2439 Reims

297 2474 362 2498 sur
383 2463 418 2498 la
440 2462 626 2499 demande
651 2462 700 2498 du
727 2468 850 2498 comte
878 2463 923 2499 de
950 2462 1115 2499 Flandre
1138 2462 1208 2508 (od.
1233 2461 1401 2510 Geraud,
1423 2470 1449 2498 t.
1479 2462 1531 2509 ΙΙ,
1552 2473 1587 2509 p.
1610 2462 1656 2499 90
1676 2461 1699 2498 ὲ.

296 2521 352 2556 92.
377 2541 420 2547 -—
441 2520 496 2556 Cs.
523 2522 728 2565 Cliront'quc
752 2523 963 2565 normande,
992 2532 1026 2567 p.
1051 2521 1133 2567 ⁶241,
1157 2525 1245 2556 note
1268 2521 1315 2558 2).

342 2580 376 2615 ⁶3.
398 2580 442 2616 ‘2⁶2
461 2579 586 2626 juillet
607 2579 710 2615 1328.
733 2579 832 2615 Tout
854 2580 935 2615 cela
956 2586 1013 2616 ost
1032 2579 1120 2617 bien
1145 2580 1340 2616 conforme
1369 2591 1445 2616 aux
1472 2579 1698 2627 renseigne-

298 2644 423 2674 ments
445 2638 589 2674 sournis
609 2650 677 2685 par
698 2638 731 2674 lo
753 2638 1024 2675 continuateur
1044 2639 1089 2675 de
1111 2639 1330 2676 Guillaume
1347 2639 1392 2676 de
1413 2638 1577 2685 Nangis.

345 2696 378 2731 3.
402 2696 591 2732 Froissart
618 2706 657 2732 se
685 2701 831 2743 trompe
856 2696 903 2732 ici
926 2696 993 2742 (cd.
1018 2698 1135 2743 Luce,
1158 2704 1185 2733 t.
1209 2697 1240 2744 Ι,
1262 2709 1297 2744 p.
1321 2697 1416 2743 297);
1440 2697 1474 2733 le
1496 2696 1551 2733 roi
1571 2695 1698 2733 revint

298 2752 320 2788 a.
341 2754 449 2789 Paris
470 2754 798 2791 immediatement
820 2756 929 2802 apres
952 2756 986 2791 lo
1008 2767 1129 2791 sacro.
