1923 3358
386 289 452 325 244
656 288 1022 322 CHRONOGRAPHIA
1052 287 1205 320 REGUM
1229 287 1506 321 FRANCORUM.
1677 285 1781 332 [1347

447 371 512 418 Illi
539 385 725 432 quoque
751 368 809 415 de
835 367 1034 423 Allodi0‚
1065 367 1197 430 quasi
1221 367 1293 415 bis
1319 368 1525 415 sexcenti
1549 369 1777 427 homines,

379 447 581 493 inierunt
598 451 758 492 contra
779 461 860 492 eos
881 444 1105 508 prelium3
1126 444 1171 491 in
1193 461 1286 508 quo
1310 444 1484 492 mortui
1505 450 1613 492 sunt
1632 445 1783 493 domi-

379 538 464 568 nus
496 521 554 568 de
587 521 782 568 Sulliaco
817 526 865 567 et
898 521 991 568 duo
1031 520 1235 568 scutiferi
1272 521 1543 568 strenuitate
1579 520 1776 569 famosi:

377 614 577 660 quorum
605 614 724 645 unus
749 597 1005 645 vocabatur
1025 596 1239 645 Grandus
1265 597 1323 645 de
1349 597 1570 645 Aussiaco
1596 603 1643 646 et
1667 598 1783 645 alter

376 675 631 723 Canonicus
664 674 992 722 d’Estranzelle
1026 691 1131 721 cum
1165 674 1322 722 multis
1354 674 1454 722 aliis
1485 674 1706 723 militibus
1737 680 1783 722 et

375 751 620 799 scutiferis.
655 750 876 816 Flamingi
903 755 1059 798 autem
1082 750 1191 797 victi
1219 755 1326 798 sunt
1358 757 1403 797 et
1430 750 1570 798 occisi
1601 756 1649 798 et
1674 750 1780 798 ville

374 827 494 875 illius
533 833 659 875 terre
696 826 952 890 depredate
990 832 1036 874 et
1076 827 1337 875 combuste.
1379 827 1483 875 Fuit
1521 833 1678 875 autem
1717 826 1782 875 ibi

374 920 542 969 magna
562 903 772 968 perdicio
799 904 1077 952 feminarum
1102 909 1148 951 et
1174 903 1438 952 infantium.

438 987 612 1035 Deinde
647 987 1042 1052 impugnaverunt
1075 986 1244 1034 vallem
1280 987 1486 1045 Casselli,
1524 987 1607 1035 sed
1645 987 1782 1035 nichil

374 1063 549 1111 ibidem
566 1063 788 1127 expedire
805 1064 1068 1121 valuerunt,
1094 1063 1181 1111 nisi
1202 1069 1384 1111 tantum
1398 1063 1599 1128 patriam
1615 1063 1783 1112 devas-

375 1146 474 1188 tare
495 1146 540 1188 et
567 1141 833 1189 incendere.

440 1227 566 1272 Tunc
591 1241 675 1271 rex
698 1224 885 1272 Francie
906 1224 1065 1272 exiens
1085 1224 1144 1272 de
1170 1224 1402 1272 Hisdini01
1430 1225 1527 1272 fere
1550 1240 1656 1272 cum
1676 1240 1783 1272 cen-

374 1307 475 1348 tum
505 1301 693 1349 milibus
724 1301 851 1358 viris,
882 1301 995 1349 abiit
1025 1308 1132 1350 ante
1157 1302 1408 1360 Kalesium‚
1438 1301 1658 1365 misitque
1694 1317 1782 1366 pro

375 1378 495 1425 bello
521 1378 580 1426 ad
607 1395 768 1444 regem
800 1378 962 1443 Anglie
992 1385 1104 1427 tunc
1134 1379 1431 1427 obsidentem
1457 1379 1672 1427 eamdem
1697 1378 1783 1425 vil-

374 1455 484 1502 lam.
507 1455 597 1504 Sed
618 1455 717 1519 ipse
735 1473 830 1503 non
851 1456 1011 1504 habuit
1027 1456 1272 1504 consilium
1292 1456 1419 1521 quod
1440 1456 1648 1512 bellaret,
1671 1472 1781 1519 ymo

375 1532 500 1580 misit
534 1532 592 1580 ad
625 1533 892 1580 habendum
921 1539 1109 1598 treugas
1142 1534 1283 1581 trium
1322 1534 1506 1582 dierum
1541 1550 1626 1597 per
1661 1532 1781 1581 duos

374 1609 647 1667 cardinales,
674 1610 754 1673 qui
780 1610 910 1658 missi
937 1610 1119 1658 fuerant
1145 1629 1170 1658 a
1199 1614 1323 1674 Papa
1343 1627 1430 1675 pro
1451 1627 1564 1675 pace
1589 1626 1782 1674 compo-

374 1686 525 1734 nenda
552 1687 671 1734 inter
702 1687 829 1751 ipsos
855 1687 974 1735 duos
1006 1704 1165 1753 reges3
1201 1688 1329 1751 quod
1361 1706 1387 1736 a
1420 1705 1532 1753 rege
1568 1688 1780 1752 Philippo

375 1779 649 1810 concessum
675 1764 796 1811 est2.

438 1845 612 1909 Anglici
656 1862 843 1908 quoque
884 1851 931 1892 et
970 1846 1217 1910 Flamingi‚
1263 1845 1541 1894 durantibus
1581 1846 1776 1911 treugiS,

373 1920 580 1968 fecerunt
606 1922 754 1970 fossas
780 1922 954 1970 circum
983 1923 1241 1971 exercitum
1267 1940 1403 1971 suum
1429 1929 1475 1971 et
1503 1940 1645 1987 super
1670 1923 1779 1971 litus

373 1998 531 2054 maris,
560 1999 637 2045 tali
669 1999 811 2047 modo
837 1999 965 2062 quod
997 2000 1159 2047 Franci
1187 2002 1279 2048 hon
1313 2007 1565 2064 potuerunt
1591 2017 1780 2049 succur-

372 2093 477 2125 rere
503 2077 592 2125 illis
625 2077 682 2126 de
709 2078 815 2126 villa
842 2078 900 2125 de
930 2079 1025 2126 suis
1052 2079 1342 2137 necessariis,
1373 2080 1453 2143 qui
1478 2085 1635 2127 tamen
1655 2079 1777 2127 fame

422 2242 454 2276 1.
477 2241 537 2278 On
557 2253 785 2291 commenca
805 2243 827 2279 a
848 2243 981 2280 reunir
1001 2254 1044 2280 ce
1064 2244 1180 2291 qu’on
1201 2255 1223 2280 a
1244 2245 1400 2281 nomme
1422 2244 1522 2280 alors
1545 2257 1560 2278 (ι
1584 2243 1779 2282 exercitus

375 2300 459 2335 «de
489 2300 657 2347 Sangate
679 2316 694 2335 »
727 2313 814 2339 vers
844 2303 879 2339 le
910 2303 952 2339 ,28
984 2314 1110 2347 mars;
1141 2309 1239 2341 cette
1266 2305 1396 2340 armee
1429 2304 1485 2340 fut
1516 2303 1711 2351 disloquee
1743 2303 1778 2339 le

374 2358 393 2392 7
422 2359 510 2394 aout
539 2359 627 2396 1347
655 2361 800 2407 (Viard,
820 2363 1017 2398 Journauoe
1037 2364 1087 2398 du
1111 2364 1237 2398 Tresor
1256 2364 1297 2398 de
1322 2364 1488 2408 Philippa
1516 2364 1558 2398 VI
1580 2364 1621 2398 de
1648 2363 1773 2407 Valoz's‚

374 2416 397 2452 ἐι
417 2417 453 2452 la
473 2417 560 2453 date
580 2418 628 2453 du
650 2419 693 2456 28
714 2421 923 2457 novembre
953 2421 1068 2460 1349).
1094 2421 1191 2457 Mais
1217 2421 1243 2457 il
1270 2421 1415 2458 semble
1442 2432 1515 2469 que
1542 2421 1597 2458 les
1623 2427 1778 2468 troupes

375 2478 689 2514 commenccrent
709 2479 730 2514 ἐι
753 2490 791 2515 se
813 2480 944 2515 re'unir
965 2481 1102 2526 aupres
1123 2480 1167 2517 de
1191 2480 1376 2528 Sangatte
1392 2492 1479 2517 vers
1501 2481 1537 2517 la
1557 2481 1610 2517 fin
1630 2480 1675 2517 de
1691 2480 1777 2527 juin

375 2536 494 2580 (Jbz'cl.,
519 2535 541 2570 a
561 2536 597 2571 la
617 2536 702 2572 date
723 2537 771 2573 du
793 2538 813 2575 9
834 2550 938 2575 mars
962 2540 1065 2586 1350,
1088 2551 1126 2575 n.
1151 2541 1227 2585 st.).

421 2593 455 2629 ⁶2.
478 2593 532 2630 Cf.
569 2595 774 2640 chronique
810 2597 859 2633 du
894 2598 1166 2635 continuateur
1199 2599 1244 2635 de
1283 2599 1503 2636 Guillaume
1535 2599 1580 2636 de
1612 2597 1775 2644 Nangis,

373 2658 401 2689 t.
424 2653 475 2699 II,
496 2664 532 2700 p.
555 2653 635 2689 206.
659 2653 758 2690 C'est
780 2656 812 2691 le
834 2657 1014 2705 seigneur
1031 2658 1262 2695 d'Offemont
1277 2658 1341 2705 qui
1357 2658 1411 2695 fut
1429 2659 1570 2706 charge
1589 2657 1634 2694 de
1655 2657 1774 2704 nego-

375 2712 453 2747 cier
473 2723 568 2758 pour
589 2712 622 2748 le
641 2713 696 2748 roi
726 2713 770 2749 dc
800 2715 948 2753 Franco
968 2727 1062 2754 avec
1088 2718 1143 2753 les
1170 2717 1380 2753 cardinaux
1402 2716 1549 2763 (Viard,
1577 2717 1775 2752 Journaux

374 2772 423 2805 du
456 2773 581 2807 Tresor
609 2774 649 2807 de
679 2773 842 2818 Philippa
875 2776 918 2811 Vl
942 2777 983 2811 de
1012 2778 1139 2819 Valois,
1167 2776 1188 2811 a
1214 2777 1249 2811 la
1277 2776 1362 2812 date
1390 2775 1439 2811 du
1468 2775 1509 2811 13
1537 2786 1640 2811 mars
1672 2774 1772 2823 1349,

376 2838 415 2864 n.
439 2831 514 2874 sm.
