1923 3358
366 274 409 309 40
638 272 1007 307 CHRONOGRAPHIA
1033 271 1185 302 REGUM
1210 269 1488 302 FRANGORUM.
1659 266 1762 313 [1337

364 355 609 421 gauderet,
651 352 735 399 nisi
775 365 1013 397 armorum
1056 347 1268 412 potencia
1303 353 1350 394 et
1383 348 1553 395 virtute
1590 367 1598 395 :
1639 349 1765 413 quod

364 432 551 497 quidem
583 427 835 490 antiquitus
868 432 1091 473 statutum
1117 431 1188 472 est
1212 430 1257 471 et
1282 424 1519 487 hucusque
1544 425 1766 474 observa-

363 515 462 557 tum
483 507 665 554 videtur
686 510 1006 568 perpetuoque
1027 502 1277 550 tenebitur.
1299 503 1517 550 Similiter
1536 503 1764 551 ordinatio

362 584 491 649 regni
512 582 700 630 Francie
717 580 1012 628 indelibiliter
1033 579 1253 634 manebit,
1276 595 1360 626 nec
1378 595 1480 626 eam
1498 595 1584 626 rex
1601 580 1766 645 Anglie

364 678 444 709 sua
471 663 703 723 potestate
729 658 963 705 annullare
991 673 1071 704 seu
1098 656 1337 703 destruere
1363 655 1562 703 valebat.

426 736 600 784 Deinde
637 741 744 799 post
780 734 912 798 plura
947 734 1110 790 verba,
1147 749 1233 780 rex
1259 732 1394 797 jussit
1428 731 1555 795 quod
1586 732 1766 796 episco-

362 831 450 879 pus
482 813 714 861 locaretur
747 818 792 859 et
827 811 953 874 quod
979 810 1169 857 daretur
1194 810 1235 856 ei
1262 815 1418 873 potuS,
1454 808 1614 857 dicens
1639 809 1766 873 quod

363 906 601 953 nunquam
627 888 868 936 meliorem
895 887 1115 934 nuncium
1141 886 1339 933 viderat.
1377 886 1582 934 Audiens
1610 892 1767 934 autem

361 966 610 1030 episcopus
632 981 792 1029 regem
817 964 874 1011 de
901 970 1014 1027 potu
1040 964 1326 1026 loquentem,
1357 963 1445 1009 alta
1471 979 1585 1010 voce
1610 963 1728 1010 dixit
1753 981 1761 1010 :

365 1062 385 1088 «ι
417 1042 549 1090 Absit
576 1060 601 1089 a
631 1059 704 1089 me
725 1041 851 1104 quod
882 1041 989 1087 fiam
1016 1040 1212 1087 traditor
1237 1046 1281 1087 et
1308 1045 1469 1103 potem
1492 1040 1652 1087 vinum
1682 1040 1767 1087 ini-

366 1139 385 1164 «
417 1119 524 1166 mici
552 1119 659 1175 mei,
694 1134 833 1181 quem
863 1117 1128 1164 cordialiter
1159 1116 1266 1163 odio
1297 1123 1343 1164 et
1379 1116 1488 1180 [cui]
1519 1133 1686 1164 nocere
1717 1134 1769 1164 ac

366 1217 385 1242 α
422 1197 599 1261 [quem]
622 1212 819 1261 gravare
842 1194 1052 1242 intendo.
1093 1214 1112 1238 »
1143 1198 1288 1252 Quem
1309 1211 1394 1241 rex
1418 1194 1627 1250 audiens,
1658 1210 1765 1242 cum

361 1273 458 1319 risu
484 1271 673 1318 intravit
696 1286 927 1317 cameram
949 1286 1098 1325 suam,
1128 1285 1327 1316 unacum
1353 1286 1463 1333 rege
1489 1271 1694 1317 Navarre
1722 1275 1768 1317 et

364 1349 462 1396 aliis
489 1348 718 1412 pluribus.

426 1425 572 1469 Porro
598 1421 845 1485 episcopus
866 1420 1077 1468 celeriter
1103 1438 1129 1466 a
1152 1420 1350 1467 Parisius
1371 1419 1595 1467 recedens
1615 1426 1662 1468 et
1682 1438 1768 1485 per

360 1498 552 1562 Brugias
573 1503 618 1544 et
644 1497 848 1545 Scluzam
869 1497 912 1544 in
935 1497 1147 1560 Angliam
1173 1496 1376 1552 rediens,
1406 1497 1640 1544 enarravit
1666 1499 1767 1562 regi

360 1576 520 1640 Anglie
546 1591 824 1638 responsum
848 1574 971 1637 regis
995 1573 1200 1629 Francic,
1231 1579 1447 1636 presente
1474 1573 1681 1622 Roberto
1708 1574 1766 1621 de

360 1652 573 1699 Arthesio
608 1657 654 1697 et
689 1650 785 1697 aliis
827 1649 1109 1705 baronibus;
1151 1666 1331 1697 necnon
1374 1649 1648 1698 hortabatur
1687 1667 1767 1698 eos

360 1735 468 1775 vota
504 1742 743 1774 armorum
781 1727 986 1789 explere,
1023 1725 1419 1788 quemadmodum
1451 1727 1551 1791 ipse
1590 1727 1765 1775 fecerat

360 1809 405 1851 et
431 1804 548 1851 bene
575 1803 810 1866 inceperat
834 1803 915 1849 Dei
941 1802 1113 1866 gracia.

424 1879 662 1943 Philippus
691 1884 846 1926 autem
878 1895 962 1925 rex
988 1879 1176 1926 Francie
1202 1879 1362 1927 habuit
1387 1880 1629 1928 consilium
1656 1898 1766 1929 con—

359 1963 430 2003 tra
469 1971 628 2019 regem
665 1955 850 2019 Anglie‚
893 1955 1090 2019 fecitque
1130 1962 1340 2003 monetas
1378 1957 1510 2021 regni
1550 1958 1761 2016 cambiri‚

360 2033 419 2079 ita
446 2038 495 2080 ut
519 2033 725 2079 ssorenus
746 2032 920 2079 valeret
943 2033 1157 2090 multum,
1186 2049 1500 2097 magnumque
1526 2041 1765 2084 tesaurum

361 2110 661 2174 congregavit
697 2126 783 2173 pro
821 2109 1033 2157 soldariis
1070 2110 1348 2158 solvendis1.
1387 2111 1506 2158 Misit
1543 2113 1682 2160 etiam
1719 2113 1764 2160 in

411 2280 442 2314 l.
469 2292 484 2311 «
510 2278 611 2314 Pour
633 2278 763 2314 lettres
784 2278 964 2314 envoie'es
986 2278 1007 2313 a
1028 2284 1114 2314 touz
1136 2279 1191 2315 les
1212 2279 1385 2316 vicontes
1406 2280 1452 2316 de
1479 2279 1615 2317 ladicte
1635 2280 1764 2317 baillie

364 2352 380 2372 «
405 2337 464 2383 [de
486 2336 601 2381 Caen]
626 2347 718 2373 ovec
740 2337 773 2373 le
796 2337 1002 2384 transcript
1023 2337 1089 2373 des
1112 2338 1242 2374 lettres
1263 2338 1311 2374 du
1342 2339 1427 2386 Roy
1453 2344 1669 2376 contenans
1690 2351 1762 2387 que

367 2409 381 2429 (ι
404 2395 477 2431 l'en
499 2395 585 2431 feist
617 2395 716 2431 crier
742 2406 813 2442 que
844 2397 949 2432 nulle
977 2396 1158 2432 monnoie
1188 2396 1267 2432 d’or
1288 2397 1413 2433 n'eust
1441 2408 1566 2443 courS,
1591 2398 1666 2434 fors
1690 2410 1762 2446 que

366 2467 380 2487 α
405 2455 459 2489 les
480 2453 637 2489 doubles
659 2452 738 2488 (l'or
759 2455 972 2490 seulement
992 2466 1088 2501 pour
1109 2467 1155 2490 Lx
1179 2456 1269 2501 sols,
1292 2461 1382 2502 etc.‚
1405 2463 1443 2493 et
1468 2457 1503 2493 le
1532 2457 1665 2494 denier
1684 2457 1764 2494 d’or

367 2527 382 2545 «
406 2512 427 2547 a
450 2512 484 2547 la
505 2522 700 2548 coni-onne
722 2523 817 2557 pour
839 2525 883 2548 xi,
906 2515 1027 2550 sols...
1049 2529 1062 2548 »
1081 2514 1194 2560 (Bibl.
1213 2521 1309 2561 nat„
1328 2515 1436 2551 fonds
1452 2516 1618 2564 francais
1632 2516 1760 2563 25996,

364 2571 470 2618 piece
485 2570 579 2614 ί235.)
596 2570 651 2605 En
669 2570 733 2605 fait
750 2583 800 2606 un
814 2570 878 2607 ‹les
893 2573 1087 2608 ineilleurs
1102 2584 1264 2620 moyens
1280 2573 1324 2610 de
1340 2574 1533 2611 recueillir
1544 2574 1588 2610 de
1600 2575 1761 2621 l⁷argent

365 2640 437 2676 que
460 2628 631 2675 philippe
652 2628 696 2664 de
722 2628 851 2663 Valois
873 2630 923 2665 ait
950 2633 1105 2667 trouves
1127 2632 1249 2678 parait
1270 2633 1376 2669 avoir
1397 2633 1456 2668 ete
1477 2632 1521 2668 de
1551 2632 1760 2680 suspendre

365 2687 533 2733 pendant
554 2698 606 2723 un
628 2698 677 2722 an
698 2687 731 2722 le
752 2687 946 2733 paiement
966 2689 1031 2724 des
1053 2691 1295 2727 traitements
1323 2691 1367 2727 de
1394 2691 1584 2737 plusieurs
1605 2692 1756 2738 catego-

368 2746 442 2782 ries
468 2746 512 2782 de
544 2746 843 2783 fonctionnaires
872 2749 1140 2792 (Gt-donnances
1166 2752 1223 2785 des
1258 2753 1330 2786 rois
1357 2752 1398 2785 de
1424 2752 1578 2793 Franco,
1606 2756 1633 2787 t.
1665 2749 1757 2796 XII,
