1923 3358
406 239 471 276 138
677 238 1048 271 CHRONOGRAPHIA
1075 236 1227 267 REGUM
1253 236 1530 268 FRANCORUM.
1699 232 1804 280 [1340

404 339 423 365 α
456 318 772 382 respicientes,
795 314 921 377 quod
941 315 1082 360 homo
1096 313 1243 377 legius
1262 312 1402 360 debet
1418 313 1624 376 aspicere
1640 330 1804 362 versus

405 416 424 441 «
455 395 696 442 dominum
728 407 864 439 suum
897 405 1197 454 supremum;
1234 389 1454 452 quoniam
1485 405 1570 436 vos
1600 390 1805 439 intrastis

406 492 424 517 «
455 477 666 519 nostrum
686 468 956 533 homagium
973 473 1019 514 et
1034 466 1314 531 promisistis
1331 466 1650 514 obedienciam
1665 483 1803 530 quam

406 570 425 594 «
457 546 670 595 subditus
696 545 835 593 debet
854 545 1045 593 domino
1073 561 1156 592 suo
1177 544 1315 607 legi0,
1341 543 1458 590 sicut
1482 549 1610 607 patet
1629 560 1714 607 per
1733 544 1806 591 lit-

405 645 424 670 «
455 631 578 671 teras
603 639 773 687 magno
800 622 948 687 sigillo
975 627 1132 669 vestro
1160 621 1396 684 sigillatas,
1427 637 1543 683 quas
1567 620 1693 684 apud
1720 636 1806 669 nos

404 721 423 746 α
456 700 702 756 habemus,
741 705 786 746 et
818 699 933 746 tales
969 699 1027 746 de
1063 698 1199 745 nobis
1236 697 1418 744 debetis
1454 697 1627 744 habere
1663 713 1807 761 penes

405 797 424 822 a
456 794 540 824 vos
566 795 574 824 :
602 782 759 824 nostra
785 775 986 824 intencio
1013 781 1084 823 est
1107 774 1294 837 quando
1321 773 1457 821 nobis
1482 773 1659 821 bonum
1680 773 1808 821 vide-

406 875 424 899 «
457 854 582 901 bitur
616 870 701 900 vos
736 853 968 916 expellere
1005 853 1063 900 de
1102 868 1248 916 regno
1287 857 1448 898 nostro
1486 850 1545 898 ad
1582 851 1808 898 honorem

407 952 425 976 «
458 935 614 978 nostre
646 930 773 994 regie
806 929 1058 993 majestatis
1083 934 1128 976 et
1154 928 1417 992 profectum
1448 928 1609 991 populi
1640 928 1804 983 nostri,

406 1027 426 1052 <1
457 1007 515 1054 ad
536 1006 661 1069 quod
683 1006 940 1054 faciendum
961 1007 1145 1052 firmam
1166 1021 1299 1068 spem
1318 1005 1544 1053 habemus
1562 1005 1607 1051 in
1627 1004 1808 1052 Christo

406 1104 425 1129 «
456 1102 483 1131 a
509 1102 602 1147 quo
635 1089 798 1131 cuncta
832 1083 965 1130 nobis
999 1083 1121 1130 bona
1155 1081 1433 1146 procedunt.
1461 1084 1577 1129 Nam
1606 1098 1692 1145 per
1722 1081 1810 1128 hoc

406 1181 425 1206 <z
458 1161 584 1224 quod
617 1160 775 1224 egistis
803 1159 1063 1207 voluntarie
1094 1164 1140 1206 et
1168 1158 1548 1205 irrationabiliter
1575 1158 1809 1222 precisum

407 1256 426 1281 «
459 1243 528 1284 est
546 1236 749 1300 viagium
769 1235 1131 1283 transmarinum
1152 1240 1198 1281 et
1214 1250 1383 1298 magna
1402 1233 1636 1296 quantitas
1656 1233 1810 1281 Chris-

408 1333 427 1357 «
459 1313 692 1360 tianorum
715 1312 864 1359 occisa
884 1317 929 1358 et
950 1310 1199 1358 servicium
1227 1310 1437 1357 divinum
1460 1309 1739 1374 impeditum
1758 1327 1811 1358 ac

407 1409 426 1433 c<
459 1392 621 1436 Sancte
650 1388 806 1436 Matris
838 1387 1039 1435 Ecclesie
1070 1388 1299 1434 minorata
1330 1393 1399 1434 est
1431 1387 1717 1434 reverencia.
1746 1390 1811 1434 De

408 1486 427 1510 c<
459 1467 547 1513 hoc
565 1471 719 1513 autem
747 1465 872 1528 quod
894 1464 1093 1528 speratis
1112 1465 1157 1511 in
1179 1463 1445 1528 Flamingis,
1470 1481 1557 1511 nos
1577 1463 1811 1511 credimus

409 1563 427 1587 c<
460 1542 585 1606 quod
623 1542 757 1606 probi
794 1542 1006 1589 homines
1041 1547 1086 1588 et
1119 1540 1476 1588 communitates
1507 1539 1564 1587 de
1599 1539 1811 1587 Flandria

410 1639 429 1664 <‹
461 1619 713 1667 servabunt
730 1619 870 1666 fidem
891 1635 1022 1666 suam
1039 1634 1149 1682 erga
1167 1618 1409 1665 dominum
1431 1633 1591 1674 suum;
1619 1624 1665 1664 et
1684 1617 1811 1681 quod

408 1714 427 1739 «
461 1696 578 1742 male
614 1712 760 1758 usque
792 1696 882 1742 huc
912 1695 1137 1751 fecerunt,
1175 1694 1262 1741 hoc
1293 1694 1378 1741 fuit
1411 1699 1607 1758 propter
1637 1693 1812 1741 malum

408 1790 427 1815 «
458 1771 700 1819 consilium
740 1787 904 1818 eorum
948 1770 1027 1833 qui
1065 1786 1158 1817 non
1198 1769 1509 1833 respiciebant
1546 1769 1812 1833 profectum

407 1867 427 1892 «
459 1864 755 1896 communem
778 1849 862 1896 sed
882 1848 1144 1911 proprium.
1167 1851 1333 1894 Datum
1354 1848 1399 1894 in
1421 1847 1633 1910 prioratu
1659 1849 1811 1896 Sancti

407 1945 426 1969 «
458 1925 640 1973 Andree
668 1926 800 1990 juxta
832 1926 1015 1972 Arriam
1048 1925 1134 1973 sub
1170 1924 1320 1988 sigillo
1356 1931 1518 1971 nostro
1553 1931 1732 1972 secreto
1765 1925 1811 1972 in

408 2021 427 2046 «
458 2003 698 2049 abscencia
729 2002 876 2049 nostri
909 2002 1063 2066 magni
1096 2001 1246 2066 sigilli,
1277 2001 1511 2049 tricesima
1538 2001 1613 2050 die
1638 2001 1812 2050 mensis

408 2098 427 2123 <‹
456 2079 570 2142 julii,
600 2096 721 2126 anno
748 2079 931 2127 Domini
960 2086 1012 2127 Μο
1033 2079 1138 2128 CCC⁰
1156 2078 1281 2126 XL01.
1316 2098 1336 2123 ))

470 2157 612 2219 Igitur
631 2156 924 2204 Edowardus
950 2172 1034 2204 rex
1054 2156 1214 2220 Anglic
1239 2173 1346 2204 cum
1372 2155 1577 2203 maximo
1603 2155 1810 2202 exercitu

405 2232 534 2294 quasi
582 2232 1000 2296 quadragintorum
1042 2231 1219 2279 milium
1268 2232 1560 2288 hominum2,
1605 2247 1726 2278 anno
1766 2237 1811 2277 et

457 2414 488 2449 1.
513 2412 614 2449 C'cst
636 2423 727 2449 avec
750 2414 783 2449 la
807 2414 857 2449 tin
878 2413 923 2449 de
944 2418 1044 2450 cette
1067 2413 1177 2450 lettre
1198 2423 1271 2461 que
1293 2412 1477 2460 disparait
1496 2423 1592 2460 pour
1612 2423 1664 2448 un
1687 2418 1810 2459 temps

410 2471 592 2507 l'idcntitc
621 2482 693 2517 quc
719 2483 816 2507 nous
838 2483 958 2508 avons
980 2473 1176 2509 constatee
1197 2479 1305 2508 outre
1328 2472 1381 2508 les
1403 2472 1564 2508 Grandes
1587 2472 1810 2515 Chroniqucs

410 2536 449 2575 (t.
474 2530 524 2576 V,
547 2541 582 2576 p.
613 2531 708 2574 400),
740 2531 793 2565 les
821 2532 1022 2567 Ancz'cnncs
1050 2533 1267 2577 rlzronc’ques
1293 2533 1333 2567 de-
1363 2532 1518 2566 Flandre
1538 2531 1661 2575 (Iseore
1680 2535 1710 2566 el
1731 2541 1811 2566 cro-

412 2593 538 2634 nz'qucs
558 2592 599 2625 (lc
619 2591 806 2631 Flamin-cs,
832 2596 857 2625 t.
881 2590 913 2635 Ι,
934 2603 969 2637 p.
995 2591 1073 2635 394)
1096 2597 1133 2627 et
1154 2597 1262 2626 notre
1284 2591 1508 2637 chronique.

459 2649 491 2684 ⁶2.
517 2661 530 2681 «
557 2648 602 2683 Et
630 2647 795 2684 estoieut
824 2659 871 2683 cu
904 2649 1060 2685 nombre
1087 2649 1132 2685 de
1155 2658 1210 2685 1110
1230 2649 1296 2684 mil
1318 2650 1505 2693 hommes,
1530 2663 1544 2681 »
1568 2648 1620 2683 dit
1642 2648 1676 2682 la
1697 2647 1809 2684 Chro-

415 2710 521 2753 niquc
546 2708 749 2742 normandc
771 2712 820 2751 (p.
850 2707 914 2746 lu).
