1923 3358
375 256 442 292 370
647 257 1019 289 CHRONOGRAPHIA
1045 256 1199 288 REGUM
1225 255 1503 289 FRANCORUM.
1669 255 1773 302 [1378

435 336 611 383 Eodem
632 334 801 391 anno1,
825 334 1061 381 modicum
1082 339 1189 396 post
1214 333 1415 381 Ecclesie
1441 334 1607 382 scisma
1633 351 1773 399 gene-

369 418 539 467 ratum,
564 411 821 474 imperator
840 416 886 457 et
905 427 990 458 rex
1010 411 1260 475 Hungarie‚
1282 427 1387 458 cum
1409 411 1612 458 maxima
1631 413 1773 459 comi-

370 489 461 535 tiva
499 488 789 552 principum,
826 488 1055 535 baronum
1087 494 1134 535 et
1167 488 1457 550 prelatorum
1488 504 1543 535 ac
1577 488 1774 537 aliorum

367 572 462 612 tam
482 564 900 613 ecclesiasticorum
921 581 1063 628 quam
1083 564 1360 612 secularium
1380 570 1425 612 et
1449 565 1636 628 copiosa
1657 565 1775 613 mul-

365 640 561 688 titudine
593 641 893 705 populorum,
929 657 1015 703 pro
1046 640 1222 687 unitate
1252 640 1453 688 Ecclesie
1482 646 1775 689 sacrosancte

365 722 687 764 convenerunt
711 717 757 763 in
783 716 1035 780 quamdam
1056 716 1211 763 villam
1233 716 1420 763 nomine
1439 716 1659 774 Zolium2,
1683 733 1774 780 que

365 798 436 840 est
461 793 505 839 in
532 792 795 840 confinibus
821 809 1074 857 regnorum
1106 792 1444 856 predictorum,
1474 792 1632 855 ibique
1663 808 1775 840 con—

365 870 602 917 cluserunt
647 886 696 917 se
734 875 964 933 perpetuo
1001 875 1160 916 tenere
1201 869 1483 917 Clementem
1521 886 1610 933 pro
1648 870 1777 918 Anti-

364 963 502 1010 papa,
536 946 716 994 intruso
748 953 795 994 et
826 946 1104 1004 scismati00‚
1134 946 1374 994 Urbanum
1400 964 1515 995 vero
1545 963 1634 1010 pro
1660 964 1774 995 vero

364 1026 555 1072 Summo
589 1024 810 1072 Pontifice
847 1030 894 1072 et
928 1024 1095 1073 Christi
1127 1024 1319 1080 vicario,
1355 1040 1557 1086 suosque
1592 1039 1776 1071 succes-

365 1117 496 1148 sores
518 1101 737 1149 canonice
757 1101 945 1157 electos,
966 1118 1073 1149 cum
1093 1101 1297 1165 populis,
1322 1101 1520 1164 imperio
1546 1107 1592 1148 et
1617 1100 1775 1165 regnis

365 1178 477 1241 ipsis
515 1177 762 1242 subjectis3
801 1178 1122 1241 miseruntque
1159 1177 1278 1225 duos
1314 1177 1481 1225 milites
1516 1177 1774 1241 prudentes

365 1261 410 1302 et
433 1255 794 1303 litteratissimos
820 1272 927 1303 cum
954 1256 1118 1303 litteris
1150 1254 1392 1302 credencie
1422 1254 1478 1301 ad
1512 1254 1776 1319 significan-

365 1332 477 1379 dum
513 1332 612 1396 regi
640 1332 830 1380 Francie
864 1332 909 1381 id
942 1331 1069 1395 quod
1100 1332 1446 1389 concluserant,
1476 1331 1573 1379 visa
1603 1331 1777 1379 utrius-

365 1425 455 1472 que
493 1408 667 1456 Urbani
708 1415 754 1456 et
797 1409 1045 1458 Clementis
1086 1409 1308 1456 electione
1350 1415 1490 1472 atque
1531 1407 1774 1472 utriusque

364 1486 494 1533 electi
519 1486 677 1534 verbis
703 1493 750 1534 et
775 1486 962 1550 scriptis
989 1486 1243 1550 propositis
1269 1492 1315 1534 et
1334 1485 1552 1543 ostensis,
1577 1484 1775 1549 qualiter

366 1562 536 1610 scilicet
563 1563 849 1611 Clementem
876 1563 1107 1611 intrusum
1133 1570 1180 1610 et
1206 1562 1519 1611 scismaticum
1549 1578 1655 1610 cum
1681 1561 1777 1610 suis

366 1638 773 1687 anticardinalibus
817 1640 1098 1704 reputabant
1141 1646 1187 1687 et
1230 1639 1417 1688 Urbano
1465 1645 1514 1687 ut
1556 1638 1775 1686 canonice

366 1721 584 1776 promoto
627 1715 671 1761 in
715 1715 882 1763 Christi
920 1716 1192 1763 vicariatum
1236 1722 1281 1763 et
1323 1715 1419 1763 suis
1462 1713 1774 1762 cardinalibus

365 1791 667 1848 adherebant,
704 1792 838 1854 eique
870 1792 1203 1855 requirendum
1232 1792 1359 1854 quod
1395 1792 1512 1839 sicut
1548 1790 1775 1853 tempori-

366 1869 452 1915 bus
479 1869 723 1915 retroactis
748 1885 910 1916 eorum
940 1869 1263 1933 progenitores
1284 1869 1383 1933 jugi
1410 1867 1658 1916 concordia
1686 1867 1772 1915 sibi

367 1951 529 1992 mutuo
553 1945 847 2002 adheserant,
872 1946 935 1992 ita
959 1962 1040 1993 sue
1066 1945 1349 1993 conclusioni
1370 1961 1461 2008 que
1481 1944 1656 1991 directe
1675 1950 1776 1991 ten-

367 2021 507 2068 debat
538 2021 595 2068 ad
627 2022 828 2069 Ecclesie
860 2022 1098 2079 unionem,
1126 2027 1175 2069 ut
1207 2021 1500 2069 orthodoxus
1532 2020 1768 2084 princeps,

367 2098 724 2163 progenitorum
749 2116 941 2147 suorum
963 2099 1337 2147 orthodoxorum
1361 2097 1616 2146 inherendo
1634 2096 1776 2144 vesti-

367 2176 471 2239 giis,
498 2177 633 2224 vellet
661 2183 970 2240 spontaneum
997 2177 1196 2241 prebere
1222 2192 1501 2224 consensum
1528 2191 1616 2239 pro
1648 2191 1697 2222 se
1729 2180 1775 2221 et

420 2357 451 2391 l.
476 2357 526 2392 M.
550 2357 597 2392 N.
623 2356 768 2403 Valois‚
794 2357 816 2392 ἐι
843 2358 907 2404 qui
933 2358 996 2405 j⁷ai
1027 2368 1073 2393 eu
1106 2356 1312 2394 l'occasion
1339 2356 1383 2393 de
1413 2356 1580 2402 signaler
1606 2355 1773 2390 l'interet

369 2414 414 2450 de
445 2415 480 2450 la
507 2417 811 2461 &lironem-aphia
838 2428 933 2463 pour
958 2416 1095 2452 l’etuile
1122 2416 1171 2451 dn
1200 2416 1384 2460 scliisme,
1414 2426 1434 2450 a
1456 2414 1599 2459 insere,
1621 2413 1717 2449 dans
1739 2413 1774 2448 la

370 2476 614 2519 Bibliotheque
643 2478 683 2509 (Ic
714 2470 841 2511 l'li'role
870 2478 928 2512 des
957 2478 1096 2511 charles
1128 2477 1264 2517 (uunee
1296 2474 1400 2518 1892,
1431 2481 1458 2511 t.
1489 2473 1590 2519 LIII,
1621 2485 1657 2520 p.
1691 2472 1773 2519 423,

370 2540 458 2568 note.
480 2534 515 2578 ⁶2,
534 2544 605 2568 une
625 2535 843 2570 Ambassade
863 2536 1069 2571 alleviando
1090 2536 1112 2569 ιὶ
1130 2537 1237 2570 Paris
1258 2546 1299 2570 cn
1319 2535 1439 2580 1381),
1457 2540 1538 2569 tout
1559 2533 1593 2568 le
1614 2542 1773 2579 passage

372 2591 499 2626 relatis
515 2592 537 2626 εἰ
558 2598 657 2627 cette
679 2592 806 2628 action
829 2604 1035 2629 commune
1056 2592 1106 2628 du
1128 2593 1183 2628 roi
1204 2593 1269 2628 (les
1293 2592 1480 2628 Romains
1503 2597 1541 2628 et
1567 2590 1614 2626 du
1644 2590 1697 2626 roi
1727 2588 1771 2624 (lc

372 2651 557 2697 IIongrie.

418 2710 451 2744 2.
474 2710 625 2745 Altsolil
649 2712 768 2753 iuml„
793 2722 828 2757 p.
852 2712 934 2758 424,
959 2715 1074 2757 note).
