1923 3358
82 255 185 302 l340]
357 259 725 291 CHRONOGRAPHIA
751 260 903 292 REGUM
930 260 1206 292 FRANCORUM.
1414 255 1478 291 ’133

79 338 216 386 hatur
253 337 469 386 dominus
513 339 570 387 de
607 343 834 404 Branges,
877 356 995 387 unus
1039 340 1154 387 alter
1196 339 1254 386 de
1297 338 1476 402 Anglia‚

78 421 271 478 portans
302 416 522 463 vexillum
557 422 603 464 et
636 433 764 463 arma
800 423 971 464 stacata
1006 423 1200 481 argento
1235 421 1280 463 et
1313 415 1477 472 rubeo,

79 492 157 555 qui
178 492 323 557 sagita
343 498 614 556 penetratus
633 500 704 540 est
729 510 815 556 per
832 493 1039 540 medium
1066 493 1262 540 cerebri.
1286 491 1477 548 Deinde,

78 569 302 616 ordinatis
338 570 545 626 aciebus,
584 576 881 617 retraxerunt
919 586 968 616 se
1000 586 1163 617 versus
1201 570 1391 617 Archas.
1428 572 1484 616 Et

78 662 183 693 cum
211 646 392 693 exirent
424 646 664 701 suburbia,
694 645 791 693 dux
823 645 1088 709 Burgundie
1120 646 1198 709 qui
1232 662 1340 693 suos
1374 662 1483 692 con-

78 723 320 787 gregabat,
354 722 539 769 volebat
572 722 726 769 subito
760 722 939 769 irruere
970 738 1111 784 super
1145 739 1253 778 eos·,
1288 722 1369 769 sed
1404 722 1482 784 qui

78 816 185 846 cum
206 816 261 846 eo
281 804 430 856 erant,
454 798 542 845 hoc
561 799 712 846 facere
732 803 987 846 renuerunt
1013 815 1069 845 eo
1096 798 1221 861 quod
1245 800 1340 860 jam
1367 798 1483 845 dilu-

79 883 302 924 cescerat.

142 956 396 1017 Posteaque
428 953 644 1002 dominus
670 953 903 1002 Robertus
936 953 995 1001 de
1023 952 1239 1000 Arthesio
1266 969 1371 999 cum
1399 969 1483 1000 suo

77 1030 282 1078 exercitu
308 1030 538 1089 ordinato,
567 1031 933 1094 pertransierant
958 1047 1128 1094 magno
1158 1030 1339 1085 itinere,
1372 1046 1485 1076 voce

78 1123 246 1154 sonora
260 1108 556 1170 personando
573 1125 581 1155 z
600 1107 814 1155 Sanctum
831 1107 1085 1170 Georyium.
1101 1106 1290 1154 Interim
1307 1112 1479 1161 autem,

77 1199 233 1230 comes
259 1184 518 1231 Armaniaci
552 1190 598 1231 et
629 1183 877 1232 Arthisiani
911 1183 990 1246 qui
1024 1183 1299 1247 fugaverant
1331 1181 1485 1228 devic-

76 1266 167 1317 tos,
191 1260 459 1324 ignorantes
486 1278 576 1323 que
603 1267 732 1325 gesta
760 1260 967 1315 fuerant,
1001 1266 1107 1307 ante
1141 1260 1297 1307 villam
1325 1259 1484 1306 obvia-

78 1342 246 1384 verunt
266 1336 455 1384 domino
475 1337 681 1385 Roberto
705 1337 762 1384 de
783 1338 997 1385 Artlies10
1017 1353 1124 1384 cum
1146 1354 1230 1384 suo
1253 1336 1480 1390 exercitu,

81 1413 268 1460 minime
303 1430 409 1461 eum
441 1420 774 1478 cognoscentes
808 1420 1004 1478 propter
1040 1414 1187 1464 noctis
1222 1413 1440 1460 tenebras
1471 1432 1478 1458 :

80 1490 138 1538 de
165 1490 334 1553 quibus
360 1491 498 1554 aliqui
526 1491 650 1554 capti
677 1497 723 1538 et
750 1491 897 1537 necati
925 1496 1048 1538 sunt.

143 1567 209 1615 Ibi
236 1573 399 1631 captus
426 1574 497 1615 est
525 1585 646 1615 unus
674 1568 807 1615 miles
839 1568 896 1614 de
927 1567 1209 1632 Burgundia,
1243 1567 1321 1629 qui
1349 1582 1486 1613 voca-

80 1643 216 1691 batur
235 1644 451 1692 dominus
477 1645 535 1692 de
560 1645 736 1692 Jullez‘z'.
764 1644 940 1692 Eodem
965 1644 1039 1691 die
1069 1644 1240 1691 levavit
1266 1644 1485 1691 vexillum

79 1737 235 1769 comes
263 1721 320 1768 de
348 1721 645 1769 Monbrisone
668 1722 746 1785 qui
772 1728 871 1769 erat
896 1738 1003 1769 cum
1030 1721 1197 1768 comite
1224 1720 1486 1767 Armaniaci

79 1804 126 1845 et
141 1816 289 1846 novus
310 1799 442 1846 miles
463 1804 534 1846 est
553 1799 744 1846 effectus
762 1818 771 1855 ;
796 1806 840 1846 et
861 1799 1071 1846 similiter
1088 1797 1304 1845 dominus
1324 1799 1486 1845 Sancte

79 1876 236 1924 Crucis
261 1876 432 1923 levavit
452 1876 675 1924 vexillum
701 1876 776 1922 illa
802 1876 876 1923 die
902 1882 947 1922 et
971 1875 1161 1939 quidam
1183 1875 1314 1922 miles
1334 1873 1487 1921 Arthi-

80 1953 258 2010 sianus,
300 1954 379 2016 qui
422 1953 664 2000 dicebatur
700 1953 917 2000 dominus
959 1953 1017 2000 de
1060 1953 1262 2007 Reliaco,
1305 1967 1485 1998 necnon

80 2029 210 2077 multi
238 2029 310 2077 alii
338 2030 445 2076 novi
472 2030 641 2077 milites
666 2030 815 2077 effecti
840 2030 996 2078 suntl.

145 2109 309 2153 Postea
340 2106 435 2154 dux
468 2105 757 2169 Burgundio,
789 2106 883 2153 suis
916 2105 1151 2158 adunatis,
1184 2121 1288 2151 cum
1321 2120 1486 2167 magna

80 2182 228 2230 leticia
258 2199 502 2247 regressus
535 2189 606 2230 est
636 2183 682 2229 in
709 2183 863 2230 villam
897 2189 942 2229 et
975 2183 1015 2229 ei
1049 2181 1235 2228 obviam
1262 2188 1489 2228 venerunt

80 2259 140 2306 illi
179 2259 237 2307 de
272 2259 378 2306 villa
416 2266 461 2306 et
500 2276 607 2307 eum
645 2259 881 2306 duxerunt
917 2258 1057 2314 infra,
1092 2274 1196 2305 cum
1228 2258 1350 2322 togis
1382 2258 1483 2321 (sic)

80 2335 284 2383 accensis
304 2354 311 2382 :
331 2336 621 2383 intraverunt
638 2335 782 2382 eciam
802 2335 968 2382 milites
989 2351 1096 2381 cum
1117 2340 1244 2381 tanto
1264 2334 1481 2390 tumultu,

81 2418 130 2459 ut
151 2412 230 2457 vix
256 2411 506 2458 auderetur
530 2412 805 2458 tonitruum.
830 2411 1004 2458 Deinde
1032 2411 1150 2458 allati
1185 2417 1291 2458 sunt
1319 2411 1486 2457 milites

81 2487 160 2550 qui
195 2486 412 2550 jacebant
452 2487 623 2533 mortui
669 2493 801 2533 extra
840 2486 1018 2543 villam,
1064 2493 1109 2534 et
1148 2487 1191 2533 in
1232 2486 1485 2533 crastinum

82 2563 248 2627 sepulti
267 2579 371 2612 cum
391 2562 570 2627 magnis
589 2562 1009 2611 lamentationibus.
1031 2564 1156 2611 Istud
1177 2564 1348 2611 bellum
1368 2563 1485 2609 acci-

134 2733 164 2767 1.
188 2731 243 2768 Cf.
266 2732 472 2777 Froissart,
493 2731 550 2767 ed.
576 2731 693 2773 Luce,
714 2736 741 2765 t.
768 2731 816 2774 Π,
839 2742 873 2777 p.
896 2743 998 2777 xxxi,
1021 2738 1110 2768 note
1131 2734 1163 2769 4.
