1923 3358
126 294 215 331 1338
228 293 383 340 et1337]
403 297 773 330 CHRONOGRAPHIA
798 297 952 329 REGUM
976 296 1256 329 FRANCORUM.
1481 298 1525 333 55

123 376 236 424 dum
274 376 312 422 si
350 382 510 439 posset
545 375 806 439 Flamingos
840 391 1063 422 revocare
1102 375 1160 422 ab
1198 392 1360 423 errore
1398 394 1482 425 suo
1514 397 1522 426 :

122 453 203 501 sed
237 469 342 500 cum
375 453 579 500 venisset
609 452 903 508 Gandavum‚
939 458 1148 499 retentus
1179 458 1250 500 est
1278 452 1343 500 ibi
1373 471 1399 500 a
1429 454 1530 502 Fla-

122 528 319 593 mingis3
359 528 522 575 videns
564 543 752 590 quoque
797 527 923 589 quod
967 527 1166 575 evadere
1209 545 1303 575 non
1346 536 1526 593 posset,

123 605 257 652 finxit
291 621 340 652 se
374 621 475 651 esse
509 604 567 650 de
602 608 735 666 parte
768 602 980 665 ipsorum
1010 620 1018 648 :
1052 603 1142 666 ipsi
1176 610 1332 653 autem
1369 605 1532 654 indue-

123 687 233 729 runt
271 697 378 729 eum
422 680 516 727 suis
560 679 846 743 paramentis
888 695 979 741 que
1020 680 1225 742 portavit
1268 698 1355 745 per
1391 699 1533 731 unam

123 758 276 814 diem3
319 756 505 820 rogavit
544 771 732 819 quoque
775 755 989 802 dominas
1030 755 1088 803 de
1129 756 1257 814 villa,
1301 764 1353 805 ut
1392 775 1534 822 pran-

123 834 288 881 derent
325 849 506 889 secum,
548 848 658 879 nam
694 837 942 895 paraverat
984 848 1206 896 magnum
1246 834 1529 884 convivium.

122 914 329 974 Cumque
348 910 554 958 audisset
572 910 781 966 missam,
807 909 924 957 dixit
943 909 1070 973 quod
1092 910 1181 957 iret
1201 910 1260 958 ad
1280 912 1534 960 volandum

121 1003 228 1035 cum
248 986 440 1043 avibus3
465 986 721 1034 ascendens
745 1002 859 1050 ergo
883 1002 1027 1049 super
1049 1003 1223 1049 equum
1243 987 1356 1035 exiit
1375 994 1421 1036 et
1440 1005 1534 1036 non

121 1078 340 1111 reversus
366 1068 437 1110 est
462 1069 508 1110 et
534 1063 600 1110 sic
626 1063 797 1110 festum
822 1062 1007 1110 finitum
1034 1068 1123 1111 est.

186 1150 309 1210 Papa
352 1162 540 1210 quoque
584 1146 733 1194 sciens
776 1146 1053 1193 divisionem
1102 1146 1305 1194 duorum
1348 1163 1532 1212 regum,

121 1224 311 1271 Francie
337 1223 512 1270 scilicet
537 1229 583 1270 et
608 1223 791 1287 Anglie,
821 1223 1055 1271 celebrato
1088 1239 1195 1270 cum
1226 1223 1537 1272 cardinalibus

122 1301 332 1358 consilio,
356 1300 457 1363 ipse
482 1316 588 1347 cum
610 1299 699 1346 illis
725 1299 1062 1347 ordinaverunt
1087 1299 1215 1362 quod
1240 1301 1537 1348 mitterentur

121 1377 260 1442 legati
287 1376 423 1424 dictis
446 1376 655 1440 regibus,
679 1376 738 1423 ad
759 1376 1055 1423 tractandum
1076 1376 1133 1424 de
1159 1393 1273 1440 pace
1297 1393 1306 1422 ε
1333 1394 1537 1440 quorum

121 1454 383 1518 legatorum
415 1469 535 1500 unus
570 1453 654 1500 fuit
686 1453 936 1516 Hispanus,
966 1463 1012 1500 et
1037 1459 1137 1500 erat
1162 1453 1412 1517 presbyter
1437 1470 1538 1501 car-

122 1529 288 1578 dinalis
327 1529 446 1576 tituli
482 1529 636 1576 Sancti
669 1528 852 1585 Nerei¹‚
892 1529 1010 1575 alter
1044 1545 1158 1575 vero
1192 1529 1278 1576 fuit
1315 1529 1538 1578 diaconus

123 1606 391 1662 cardinalis,
438 1605 560 1653 filius
608 1605 786 1652 domini
828 1605 1159 1652 Montisfaverii
1202 1605 1249 1652 in
1292 1607 1535 1663 Vasconia,

123 1683 244 1730 tituli
270 1685 434 1730 Sancte
460 1682 599 1730 Marie
624 1681 672 1728 in
697 1681 923 1745 Aquiro2.
949 1681 1018 1728 Hii
1045 1680 1139 1728 duo
1161 1689 1390 1729 venerunt
1414 1683 1540 1729 Pari-

125 1760 221 1808 sius
249 1759 306 1806 ad
340 1774 501 1824 regem
532 1759 740 1815 Francie,
771 1764 817 1806 et
843 1758 1066 1806 dixerunt
1092 1758 1132 1804 ei
1160 1759 1289 1821 quod
1315 1765 1541 1806 venerant

126 1853 264 1884 causa
288 1835 517 1883 tractandi
543 1834 601 1882 de
628 1851 741 1898 pace
768 1834 890 1881 inter
915 1834 1070 1897 ipsum
1097 1839 1143 1881 et
1167 1850 1331 1899 regem
1355 1835 1536 1899 Anglie,

126 1931 182 1960 eo
208 1913 336 1976 quod
364 1912 563 1960 multum
595 1911 864 1975 displiceret
894 1914 1017 1975 Pape
1048 1911 1282 1958 discordia
1307 1911 1536 1974 ipsorum.

127 1990 302 2048 Quibus
339 2005 425 2037 rex
462 1988 708 2053 respondit
750 1989 879 2051 quod
921 1989 1040 2035 bene
1075 1987 1289 2051 placebat
1326 1987 1393 2044 ei,
1435 1988 1541 2035 licet

125 2066 363 2114 modicum
396 2071 560 2128 postea
595 2071 797 2113 curaret.
836 2064 1011 2113 Deinde
1042 2069 1272 2111 venerunt
1301 2063 1542 2112 Ambianis

127 2148 174 2189 et
190 2141 298 2189 inde
314 2141 372 2189 ad
394 2144 614 2190 Sanctum
630 2141 970 2198 Audornarum,
992 2140 1072 2188 ubi
1090 2139 1356 2203 aliquandiu
1372 2157 1542 2205 expec-

179 2315 212 2349 1.
240 2313 294 2349 Le
329 2312 502 2349 cardinal
534 2312 584 2349 du
615 2313 705 2349 titre
739 2313 805 2349 des
841 2312 973 2348 Saints
1006 2311 1133 2348 Neree
1166 2315 1206 2348 et
1237 2309 1417 2348 Achillee
1448 2311 1542 2348 etait

131 2371 266 2418 depuis
288 2370 374 2407 1337
406 2382 460 2406 un
486 2371 689 2419 Francais,
717 2370 851 2407 Pierre
879 2369 1021 2416 Roger‚
1046 2368 1140 2404 abbe
1170 2368 1216 2405 de
1245 2369 1429 2416 Fecamp,
1456 2369 1541 2416 puis

133 2429 375 2476 archeveque
405 2429 451 2465 de
479 2429 631 2466 Rouen.
665 2430 718 2466 Le
748 2429 871 2476 prelat
905 2428 1089 2475 espagnol
1117 2428 1258 2475 auquel
1287 2433 1398 2465 notre
1428 2429 1541 2464 chro-

132 2489 249 2536 nique
271 2488 338 2524 fait
366 2488 532 2525 allusion
559 2493 597 2525 et
622 2488 687 2535 qui
713 2489 769 2524 fut
796 2487 1082 2524 effectivement
1107 2487 1210 2534 legat
1239 2497 1288 2522 en
1307 2487 1542 2534 Angletcrre

134 2553 191 2585 est
212 2546 336 2583 Pedro
358 2546 501 2583 Gomez
521 2546 567 2582 de
588 2547 772 2592 Barroso,
795 2546 968 2582 cardinal
982 2545 1031 2582 du
1047 2545 1135 2582 titre
1150 2545 1195 2582 de
1212 2545 1346 2581 Sainte
1367 2544 1541 2581 Praxede

135 2606 269 2653 depuis
292 2606 394 2642 1327.

181 2673 216 2708 2.
241 2671 435 2708 Bertrancl
456 2671 501 2707 de
523 2672 754 2715 Montfavez,
777 2670 826 2708 du
847 2670 935 2707 titre
961 2670 1008 2707 de
1036 2670 1542 2715 Sainte-Marie-z'n-Aquiro

137 2732 270 2779 depuis
293 2731 395 2767 1316.
