1923 3358
75 274 178 320 1340]
350 277 718 310 CHRONOGRAPHIA
744 275 896 308 REGUM
922 273 1198 306 FRANCORUM.
1406 269 1469 304 137

77 377 97 401 «
127 357 305 414 veritis,
336 355 602 421 significetis
629 354 764 402 nobis
793 353 917 400 diem
946 370 1036 415 qua
1063 367 1323 416 pugnemus
1355 368 1474 397 unus

77 453 97 478 a
129 440 290 481 contra
324 434 521 481 alterum
545 438 650 479 ante
677 436 951 485 Tornacum‚
981 435 1177 492 uterque
1204 445 1307 475 cum
1335 443 1474 490 posse

77 529 97 554 α
129 527 213 558 suo
233 511 352 558 infra
372 510 636 573 quindecim
657 508 756 555 dies
773 507 927 554 datam
950 506 1242 569 presencium
1261 504 1474 568 proxime

78 606 98 631 «
130 593 392 651 sequentes.
437 585 707 649 Supradicta
755 599 941 645 quoque
984 582 1199 628 volumus
1245 581 1346 628 fieri
1395 597 1477 644 per

78 683 98 707 «
129 664 293 711 orbem
319 663 587 710 universum
613 660 845 706 notificata
872 664 918 705 et
938 658 1064 720 quod
1086 658 1132 703 in
1152 658 1238 704 hiis
1265 663 1476 704 nostrum

79 759 98 782 «
132 738 415 786 desiderium
446 737 604 801 figitur
632 751 724 781 non
758 733 976 797 superbie
1008 739 1087 780 aut
1111 732 1477 796 presumptionis

79 835 98 860 «
131 816 333 871 motivo,
383 813 464 860 sed
511 818 561 860 ut
604 811 826 859 Dominus
867 814 988 858 Deus
1037 810 1157 856 inter
1197 810 1478 857 Christianos

79 911 99 935 «
132 896 336 954 apponat
355 888 523 951 quietis
548 888 886 935 incrementum
907 902 1083 932 necnon
1109 885 1166 932 ad
1190 884 1480 948 aplicandam

80 986 100 1011 «
131 972 290 1014 contra
327 965 580 1014 Christiane
616 963 726 1011 fidei
761 962 951 1010 hostiles
985 962 1335 1026 impugnatores
1371 978 1480 1008 con-

80 1063 99 1088 «
130 1059 293 1108 gruam
330 1041 648 1089 resistenciam
686 1039 1040 1088 Christianitatis
1075 1039 1402 1086 exaltationem
1436 1044 1481 1084 et

80 1140 100 1164 «ι
132 1119 344 1184 gloriam.
393 1119 526 1167 Viam
568 1117 708 1182 igitur
751 1133 891 1180 quam
936 1132 993 1163 ex
1038 1115 1261 1179 predictis
1311 1115 1480 1178 eligere

81 1216 101 1242 (ς
131 1196 388 1252 volueritis,
414 1212 499 1258 per
517 1195 712 1241 latorem
738 1193 1033 1257 presencium
1060 1192 1194 1239 nobis
1221 1191 1482 1254 rescripba-

82 1293 101 1318 c<
132 1273 191 1320 tis
231 1272 355 1336 (sic),
397 1272 551 1335 ipsum
594 1271 800 1318 breviter
837 1269 1148 1333 expediendo.
1189 1273 1356 1316 Datum
1395 1267 1481 1314 sub

82 1370 102 1395 «
134 1367 302 1414 magno
329 1350 476 1413 sigillo
511 1354 669 1396 nostro
702 1347 827 1411 apud
854 1347 1036 1395 AEschin
1070 1363 1211 1410 super
1237 1344 1478 1393 Scaldum¹

81 1447 101 1472 a
134 1434 176 1474 et
199 1443 348 1489 prope
369 1429 644 1481 Tornacum‚
669 1441 789 1472 anno
816 1424 999 1471 Domini
1019 1431 1071 1470 ΜΟ
1093 1431 1197 1472 000Ο
1218 1423 1313 1479 XL⁰‚
1335 1427 1483 1470 xxvl1³

82 1523 101 1548 (ι
133 1503 208 1550 die
235 1502 409 1549 mensis
427 1502 545 1566 julii.
578 1521 597 1545 ›>

142 1582 242 1627 Rex
267 1584 422 1626 autem
449 1578 656 1634 Francie,
688 1577 799 1623 visis
831 1576 996 1623 litteris
1028 1592 1133 1623 cum
1163 1575 1352 1622 consilio
1380 1592 1480 1631 suo,

79 1656 208 1704 dedit
233 1655 586 1719 respontionem
617 1654 703 1701 sub
735 1653 814 1700 tali
846 1653 995 1700 forma
1027 1671 1034 1698 :
1071 1672 1090 1696 <‹
1122 1652 1376 1714 Philippus,
1406 1651 1486 1698 Dei

84 1752 103 1777 α
135 1732 290 1797 gracia
314 1735 598 1779 Francorum
633 1747 733 1787 rex,
765 1729 1013 1778 Edouardo
1041 1729 1140 1793 regi
1164 1728 1342 1792 Anglie.
1375 1731 1487 1776 Ves-

84 1829 104 1854 «
136 1816 231 1857 tras
252 1810 428 1857 litteras
445 1809 503 1856 ad
521 1815 730 1856 nostram
750 1808 924 1855 curiam
946 1807 1102 1854 allatas
1116 1806 1319 1853 vidimus
1335 1811 1487 1852 trans-

85 1907 104 1931 «
137 1887 302 1934 missas
326 1886 537 1950 Philippo
565 1886 622 1933 de
643 1885 839 1941 Valesi0‚
864 1884 910 1930 in
937 1883 1106 1946 quibus
1133 1882 1488 1929 continebantur

87 1983 106 2007 ι(
138 1962 339 2026 quedam
373 1968 618 2025 requeste;
654 1968 701 2008 et
732 1978 823 2008 non
860 1966 991 2007 erant
1024 1960 1157 2007 nobis
1192 1960 1333 2013 facte,
1371 1958 1487 2004 sicut

87 2059 107 2084 «
139 2044 322 2087 constat
343 2056 428 2102 per
445 2039 649 2086 easdem.
679 2041 736 2085 Et
757 2038 865 2101 quia
886 2037 1008 2084 dicte
1027 2037 1178 2083 littere
1200 2035 1257 2082 ad
1284 2051 1368 2081 nos
1396 2051 1488 2080 non

88 2135 108 2160 «
140 2115 420 2179 diriguntur,
444 2115 528 2179 [ut]
555 2121 718 2161 tenore
744 2114 953 2178 ipsarum
977 2113 1246 2160 lucullenter
1273 2117 1484 2174 apparet,

89 2213 107 2237 «
141 2193 312 2240 nullam
350 2193 483 2239 vobis
518 2191 873 2256 responsionem
913 2190 1121 2237 facimus.
1162 2188 1489 2235 Nichilominus

89 2290 108 2314 «
141 2276 313 2326 tamen,
347 2269 566 2332 quoniam
598 2268 908 2315 intelleximus
938 2282 1024 2329 per
1056 2265 1202 2312 dictas
1235 2265 1411 2311 litteras
1444 2270 1490 2311 et

91 2366 110 2391 (ι
142 2346 289 2402 aliter,
329 2345 455 2408 quod
494 2345 699 2392 intrastis
737 2359 932 2408 regnum
971 2347 1185 2389 nostrum
1219 2341 1408 2388 Francie
1443 2340 1487 2386 in

91 2443 110 2467 «
142 2423 397 2485 dampnum
417 2428 628 2469 nostrum
649 2428 694 2468 et
712 2420 862 2484 regni,
881 2420 1115 2467 voluntate
1133 2424 1179 2465 et
1199 2435 1291 2465 non
1310 2417 1487 2464 ratione

137 2572 168 2606 1.
192 2571 240 2605 Cc
261 2569 338 2605 doit
360 2570 439 2605 etre
457 2568 738 2613 Pont-a-Chim
761 2579 826 2604 sur
847 2566 1029 2612 l'Escaut,
1050 2578 1100 2603 en
1122 2567 1207 2602 aval
1229 2565 1274 2602 de
1289 2566 1486 2612 Tournay.

89 2650 133 2656 —
153 2629 206 2665 Cf.
238 2629 397 2675 Rymer,
425 2627 483 2663 ed.
507 2628 611 2672 1821,
641 2633 665 2663 t.
689 2627 738 2672 ΙΙ,
765 2627 803 2663 *Ze
831 2625 967 2673 partie,
994 2637 1029 2673 p.
1060 2625 1163 2662 1131.
1191 2625 1247 2660 La
1273 2624 1384 2660 lettre
1412 2623 1488 2659 ori-

90 2688 217 2735 ginale
243 2678 456 2724 d'Edouard
482 2687 553 2732 ΙΙΙ,
582 2686 627 2722 de
653 2687 778 2722 meme
805 2696 876 2733 quc
905 2685 940 2721 la
969 2686 1130 2732 reponse
1156 2683 1201 2720 de
1222 2682 1396 2730 Philippa
1417 2682 1488 2727 VI,

92 2753 178 2784 sont
198 2758 247 2784 en
268 2747 447 2795 franqais.
