1923 3358
99 301 203 348 1340]
372 304 746 338 GHRONOGRAPHIA
771 304 923 337 REGUM
948 301 1228 335 FRANCORUM..
1434 298 1500 334 103

93 385 320 443 riensem,
359 385 602 433 dominum
639 401 799 441 suum,
839 388 1052 447 captum,
1094 382 1195 446 pari
1232 381 1304 428 via
1342 381 1501 445 fugam

93 461 291 526 eligens,
330 461 459 510 venit
493 461 552 508 ad
587 461 814 510 Jacobum
851 460 910 507 de
947 458 1233 516 Arthevella,
1274 458 1353 521 qui
1394 474 1502 505 cum

92 538 300 586 exercitu
327 555 412 585 suo
440 537 564 602 apud
595 537 791 585 Chinum
816 553 958 599 super
984 536 1198 583 Scaldum
1224 534 1502 598 expectabat

91 613 241 661 dictos
265 614 509 678 Anglicos3
538 618 585 660 et
610 618 798 659 narrato
824 611 1078 658 infortunio
1104 611 1333 674 ipsorum,
1362 628 1501 676 roga-

89 691 159 738 vit
195 707 302 739 eum
339 707 398 738 ex
431 695 565 754 parte
600 689 778 737 domini
813 689 883 736 sui
921 688 1048 751 quod
1084 694 1283 751 poneret
1318 688 1363 735 in
1396 689 1500 736 loco

90 784 255 815 securo
279 782 425 815 unum
451 766 629 814 dolium
655 765 1006 830 strelingorum,
1037 765 1289 812 tentorium
1322 764 1421 829 ejus
1455 770 1502 812 et

89 851 268 893 ceteras
287 861 364 892 res
384 860 509 892 suas·
535 846 635 902 Quo
655 843 831 900 audito,
854 842 1076 906 Flamingi
1099 842 1253 889 statim
1270 848 1502 905 ruperunt

89 921 266 969 dolium
303 927 349 968 et
384 926 634 986 argentum
666 919 794 983 quod
828 920 953 966 intus
984 924 1085 966 erat
1116 918 1302 981 penitus
1332 935 1502 982 rapue-

88 1003 197 1046 runt
221 1014 307 1045 nec
331 997 440 1045 inde
471 997 674 1060 aliquam
703 996 1047 1044 restitutionem
1080 994 1238 1043 comiti
1269 994 1496 1043 fecerunt.

150 1076 352 1126 ‚Iacobus
378 1093 567 1139 quoque
596 1075 654 1123 de
687 1074 952 1123 Arthevella
984 1073 1306 1138 predictorum
1330 1073 1502 1120 verita-

87 1159 182 1200 tem
207 1168 484 1217 agnoscens‚
513 1152 726 1199 tristatus
756 1156 827 1199 est
852 1150 1007 1207 valde,
1042 1150 1369 1213 advocansque
1401 1150 1502 1197 Fla-

86 1230 289 1295 mingos,
314 1229 434 1277 dixit
459 1229 525 1277 eis
551 1228 679 1292 quod
707 1229 794 1276 sibi
820 1228 1090 1291 displiceret
1118 1227 1177 1274 de
1212 1244 1321 1275 casu
1353 1226 1502 1274 dicto-

87 1323 193 1354 rum
207 1306 475 1370 principum
489 1312 534 1354 et
548 1306 674 1370 quod
684 1345 694 1364 ,
713 1305 1005 1354 considerata
1022 1304 1211 1369 frigoris
1228 1303 1497 1368 asperitate,

89 1384 266 1431 bonum
301 1390 426 1431 esset
462 1383 528 1430 eis
564 1382 751 1447 regredi
786 1382 832 1429 in
867 1381 1133 1429 Flandriam
1170 1386 1216 1427 et
1254 1387 1501 1444 expectare

88 1476 251 1525 regem
286 1459 449 1524 Anglie
487 1460 567 1522 qui
604 1465 713 1523 post
750 1460 894 1506 finem
930 1458 1037 1505 maii
1074 1458 1278 1506 debebat
1306 1457 1498 1513 venire,

87 1543 197 1601 post
221 1536 352 1601 cujus
376 1536 630 1584 adventum
657 1553 738 1584 eos
764 1536 810 1583 in
837 1551 983 1583 unum
1009 1540 1254 1582 revocaret
1285 1533 1344 1580 ad
1376 1533 1502 1581 obsi-

90 1613 298 1661 dendum
322 1616 600 1661 Tornacum.
631 1613 717 1670 Qui
749 1629 861 1660 mox
893 1611 1070 1676 egressi
1103 1610 1282 1658 reversi
1313 1615 1420 1658 sunt.
1454 1610 1501 1656 in

87 1689 370 1746 Flandriam,
397 1689 718 1753 unusquisque
745 1688 792 1735 in
817 1688 1011 1735 domum
1039 1686 1222 1734 suam1.

152 1769 300 1813 Porro
336 1765 554 1814 dominus
588 1766 647 1813 de
682 1765 879 1822 Robais,
915 1767 1082 1812 Petrus
1121 1763 1179 1810 de
1220 1762 1497 1819 Rossillone,

86 1843 319 1892 Johannes
339 1843 397 1890 de
417 1844 656 1900 Curtraco,
675 1841 945 1906 prepositus
965 1841 1025 1889 de
1042 1840 1208 1888 Insulis
1229 1857 1336 1888 cum
1358 1840 1502 1904 majo-

88 1920 219 1968 ribus
250 1919 581 1985 burgensibus,
615 1919 854 1967 duxerunt
882 1918 1032 1966 dictos
1061 1917 1271 1981 captivos
1300 1917 1502 1965 Parisius

88 1996 147 2044 ad
190 2013 355 2061 regem
393 1997 610 2053 Francie3
654 1997 734 2059 qui
776 1995 977 2060 jocunde
1023 1993 1282 2057 suscipiens
1319 2010 1400 2040 eos
1442 1993 1501 2041 de

88 2073 305 2122 manibus
329 2090 511 2132 eorum,
536 2073 675 2138 jussit
700 2090 781 2120 eos
806 2071 1085 2120 incarcerari
1112 2071 1158 2117 in
1185 2069 1428 2118 Castelleto
1449 2087 1501 2117 ac

90 2151 319 2199 concessit
344 2168 508 2198 eorum
534 2150 726 2216 singulis
750 2150 871 2198 dona
895 2147 1258 2212 quamplurima.

156 2230 322 2276 Comes
365 2232 523 2275 autem
567 2226 919 2275 Allectionensis
962 2224 1101 2289 jussit
1145 2223 1321 2271 abscidi
1362 2230 1502 2287 caput

87 2303 340 2352 Percheval
361 2303 669 2367 d’Aubrequin
693 2320 751 2350 eo
776 2301 903 2366 quod
930 2301 1146 2348 libratam
1168 2299 1370 2346 vestium
1396 2316 1502 2346 sua-

88 2398 196 2429 rum
217 2386 498 2444 sumpserat,
524 2396 705 2428 necnon
730 2378 1009 2426 commissus
1034 2377 1185 2425 fuerat
1207 2376 1254 2423 in
1280 2375 1501 2424 munitio-

90 2458 230 2506 nibus
258 2457 399 2522 regis‚
430 2457 609 2505 ratione
639 2457 770 2521 cujus
799 2454 974 2503 solidos
1000 2472 1026 2501 a
1050 2470 1160 2518 rege
1187 2459 1430 2517 acceperat
1455 2458 1502 2500 et

90 2541 267 2592 tamen,
297 2534 394 2582 sine
420 2534 611 2581 licencia
637 2533 880 2590 secedens,
908 2531 1133 2579 servierat
1158 2531 1259 2595 regi
1287 2529 1496 2594 Anglie2.

140 2680 173 2714 1.
196 2678 253 2716 Cf.
277 2678 483 2725 Froissart,
506 2677 564 2713 ed.
587 2677 707 2723 Luce,
728 2680 755 2712 t.
777 2676 829 2722 H,
851 2688 885 2723 p.
909 2688 958 2712 vt.

138 2738 173 2774 2.
196 2738 252 2773 La
280 2737 493 2784 chronique
520 2736 543 2772 a
570 2735 733 2783 laquelle
762 2735 828 2783 J‘ai
861 2735 945 2783 deja
978 2735 1045 2771 fait
1077 2735 1143 2771 des
1175 2738 1375 2781 emprunts
1408 2732 1498 2778 cite,

92 2797 216 2844 parmi
243 2798 298 2834 les
324 2796 564 2844 prisonniers
595 2795 680 2832 faits
708 2806 756 2832 en
783 2795 910 2832 meme
938 2800 1063 2842 temps
1092 2804 1165 2842 que
1195 2794 1250 2831 les
1280 2797 1426 2829 comtes
1452 2792 1497 2828 de
