1923 3358
346 260 390 297 50
618 259 985 294 CHRONOGRAPHIA
1012 259 1164 291 REGUM
1189 258 1467 291 FRANCORUM.
1639 255 1743 302 [1338

410 342 632 405 Flamingi
674 355 882 402 quoque,
924 337 1012 384 hoc
1052 337 1237 394 audito,
1277 338 1477 385 clamare
1519 344 1745 401 ceperunt

344 419 471 482 quod
490 417 625 465 nichil
651 419 842 478 possent
860 413 1046 469 lucrari,
1075 413 1282 461 dicentes
1307 414 1482 462 Jacobo
1502 414 1560 461 de
1580 415 1747 462 Arthe-

343 495 461 542 vella
490 492 708 556 quatinus
738 508 820 538 eos
850 490 1110 554 adjuvaret.
1142 490 1315 540 Videns
1346 496 1503 538 autem
1533 491 1747 538 baillivus

342 587 423 618 eos
443 569 719 625 obstinatos,
748 567 990 615 descendit
1008 572 1055 614 et
1079 584 1247 631 capere
1273 568 1400 614 nisus
1426 572 1497 614 est
1521 566 1748 615 ,Iacobum

341 646 400 693 de
418 645 706 702 Arthevella;
730 644 957 709 Flamingi
975 661 1088 691 vero
1111 644 1436 692 deffenderunt
1461 660 1586 701 eum,
1615 644 1677 691 ita
1698 648 1750 691 ut

341 722 562 769 ballivum
595 727 640 768 et
669 720 883 768 scabinos
910 720 968 767 ad
1001 720 1168 768 domos
1198 737 1305 768 suas
1338 737 1594 784 properare
1622 736 1750 768 com-

341 798 584 862 pellerent,
613 798 908 860 Jacobusque
928 797 986 844 de
1006 798 1269 845 Arthevella
1295 803 1536 846 exortatus
1556 803 1627 845 est
1652 800 1683 844 F
1686 797 1751 844 la-

342 875 525 939 mingos
551 875 768 938 quatinus
800 892 850 922 se
875 880 1130 931 armarent,
1160 891 1218 922 ne
1252 874 1449 923 ballivus
1476 880 1523 922 et
1548 874 1751 939 majores

341 951 601 1016 burgenses
627 967 734 998 eum
760 957 997 1014 caperent.

407 1028 596 1076 Interim
615 1045 729 1075 vero
750 1028 963 1076 baillivus
985 1044 1091 1075 cum
1112 1028 1268 1075 multis
1288 1027 1602 1093 burgensibus
1627 1027 1753 1075 abie-

342 1110 453 1152 runt
473 1104 530 1152 ad
549 1105 742 1152 domum
761 1104 937 1161 Jacobi,
955 1105 1212 1168 hostiisque
1232 1104 1408 1161 fractis,
1433 1103 1624 1151 minime
1645 1120 1751 1152 eum

344 1188 685 1245 reppererunt;
720 1188 766 1229 et
801 1182 1002 1230 Jacobus
1034 1181 1268 1229 advocans
1299 1181 1581 1246 Flamingos,
1621 1181 1755 1229 duxit

345 1275 426 1306 eos
452 1259 498 1305 in
523 1258 695 1316 forum,
721 1259 800 1306 ubi
826 1259 1037 1306 baillivus
1057 1264 1102 1305 et
1123 1258 1381 1322 burgenses
1401 1264 1536 1305 erant
1557 1274 1754 1322 congre-

345 1335 438 1400 gati
465 1341 510 1383 et
534 1335 718 1383 irruens
737 1336 782 1382 in
812 1352 910 1393 eos,
935 1335 993 1383 de
1021 1335 1151 1383 hasta
1173 1352 1253 1383 seu
1282 1335 1434 1383 securi
1460 1351 1542 1382 sua
1562 1351 1755 1398 percus-

347 1412 406 1459 sit
434 1428 576 1459 unum
603 1418 649 1458 et
675 1411 831 1459 divisit
857 1412 896 1458 ei
925 1418 1064 1475 caput
1088 1429 1238 1476 usque
1271 1412 1330 1459 ad
1361 1412 1543 1460 dentes.
1574 1415 1756 1476 Pugna-

346 1494 516 1535 verunt
543 1488 699 1551 itaque
725 1487 931 1535 minores
957 1494 1118 1535 contra
1145 1487 1363 1552 majores,
1393 1487 1455 1535 ita
1480 1492 1532 1535 ut
1557 1487 1755 1535 ballivus

347 1570 394 1612 et
412 1565 491 1628 qui
509 1581 667 1613 secum
687 1570 940 1628 potuerunt
957 1565 1173 1622 evadere,
1197 1565 1413 1630 fugerent
1431 1571 1564 1612 extra
1576 1564 1752 1611 villam.

347 1641 547 1690 Jacobus
567 1658 755 1705 quoque
773 1641 830 1689 de
852 1641 1113 1689 Arthevella
1140 1642 1263 1705 cepit
1287 1641 1409 1689 bona
1426 1657 1591 1689 eorum
1608 1640 1758 1688 mobi-

347 1717 406 1765 lia
428 1724 474 1765 et
498 1718 751 1765 immobilia
778 1724 824 1766 et
845 1718 1054 1782 possedit
1075 1735 1154 1775 ea,
1178 1718 1416 1765 mandavit
1436 1735 1625 1783 quoque
1644 1734 1758 1765 exu-

348 1793 467 1841 latos
492 1812 517 1841 a
537 1794 641 1841 villa
670 1801 793 1842 etex
813 1795 878 1842 eis
904 1795 1041 1859 elegit
1068 1795 1390 1859 septingentos
1414 1813 1423 1842 :
1454 1795 1624 1858 quibus
1651 1811 1758 1858 sep-

348 1871 554 1935 tingenta
572 1872 760 1935 capucia
781 1871 901 1926 alba,
921 1871 1062 1919 modo
1077 1871 1259 1930 librate,
1284 1871 1492 1930 tradidit,
1514 1871 1758 1936 injungens

349 1947 416 1994 eis
441 1948 656 2010 quatinus
683 1964 871 2012 semper
897 1965 1002 1996 eum
1037 1948 1314 1996 comitarent
1350 1965 1404 1996 ac
1438 1948 1558 1996 bene
1592 1947 1758 1996 obser-

349 2024 560 2072 varent¹.

415 2103 561 2147 Porro
587 2117 744 2149 comes
769 2101 984 2150 Flandrie
1009 2103 1095 2149 hec
1117 2102 1327 2159 audiens,
1356 2101 1416 2149 de
1441 2100 1609 2166 Brugis
1629 2101 1759 2148 venit

352 2177 624 2226 Gandavum
649 2196 755 2227 cum
781 2186 978 2245 cognato
999 2197 1084 2229 suo
1105 2180 1312 2237 Morello,
1335 2179 1526 2228 domino
1547 2179 1606 2227 de
1625 2178 1759 2227 Fien-

403 2348 434 2383 1.
457 2347 509 2382 Lo
529 2348 649 2384 baron
670 2349 829 2396 Korvyn
853 2350 897 2386 de
919 2350 1159 2387 Lettenhove
1188 2351 1358 2394 (Histoire
1378 2350 1418 2384 de
1439 2349 1609 2393 Flandre,
1634 2352 1660 2384 t.
1685 2347 1757 2390 ΙΙΙ,

354 2415 389 2451 p.
415 2405 492 2451 187,
510 2412 599 2442 note
616 2406 648 2449 3)
667 2408 825 2453 pretend
840 2420 913 2455 que
930 2409 1104 2445 l'escorte
1120 2408 1165 2443 de
1180 2408 1348 2455 Jacques
1364 2405 1608 2443 d'Artevelde
1625 2405 1759 2441 n'etait

355 2473 428 2509 que
448 2463 493 2498 de
515 2463 622 2510 vingt
636 2470 673 2499 et
690 2476 740 2499 un
761 2473 957 2512 sergents;
982 2467 1007 2502 il
1022 2472 1080 2503 est
1096 2466 1242 2503 certain
1259 2477 1331 2513 que
1347 2465 1493 2512 d’apres
1511 2464 1565 2500 les
1586 2468 1758 2510 comptes

355 2521 401 2557 de
423 2521 458 2557 la
479 2521 567 2557 ville
588 2522 632 2558 de
655 2523 764 2558 Gand
792 2524 918 2560 c‘otaiit
950 2526 984 2560 lii
1011 2526 1044 2562 le
1072 2526 1205 2562 chiffre
1233 2524 1386 2561 olliciel.
1416 2523 1514 2559 Mais
1540 2523 1567 2558 il
1587 2522 1714 2558 devait
1735 2533 1759 2569 y

357 2581 464 2617 avoir
483 2581 679 2628 beaucoup
698 2582 742 2617 de
764 2584 996 2621 volout-aises
1012 2585 1073 2632 qui
1091 2585 1143 2620 lui
1166 2584 1344 2620 faisaient
1360 2584 1527 2630 cortege,
1544 2582 1698 2619 revetus
1713 2580 1758 2617 de

358 2641 572 2687 cliapcrons
592 2641 746 2680 blancs:
770 2643 960 2680 Froissart
981 2656 1029 2681 en
1051 2645 1187 2681 estime
1210 2646 1243 2682 le
1266 2644 1426 2681 nombre
1447 2643 1469 2679 ὲ.
1492 2647 1581 2680 cent
1595 2653 1644 2679 ou
1658 2641 1758 2678 deux

359 2705 481 2735 cents
