1923 3358
110 249 214 296 1360]
374 252 745 286 CHRONOGRAPHIA
771 253 924 286 REGUM
948 252 1227 286 FRANCORUM.
1444 250 1511 287 293

109 333 346 397 quoniam,
367 339 419 381 ut
439 333 505 381 eis
525 333 788 390 videbatur,
809 350 901 380 non
927 339 1027 381 erat
1051 333 1118 380 eis
1140 333 1268 390 utile,
1289 332 1371 380 sed
1389 332 1512 396 peri-

109 410 341 466 culosum,
385 427 566 458 moram
608 409 806 466 ibidem,
847 410 906 457 ad
942 410 1100 458 villam
1139 409 1510 465 custodiendam,

108 487 400 534 contrahere.
431 489 530 544 Quo
556 486 619 533 ita
644 486 783 543 facto,
819 491 1117 533 accesserunt
1141 485 1199 533 ad
1231 501 1374 533 naves
1408 501 1515 533 suas

107 570 152 611 et
177 569 440 611 remeantes
466 563 669 627 regressi
695 568 802 610 sunt
829 562 1148 625 unusquisque
1173 562 1232 610 ad
1258 562 1468 626 propria.

172 645 228 689 Et
253 640 510 688 notandum
548 645 619 686 est
656 639 784 702 quod
819 656 926 687 cum
965 639 1129 686 Franci
1165 640 1419 703 aplicarent
1455 639 1514 686 ad

108 733 284 766 wazam
322 716 582 780 predictam
599 754 609 773 ,
650 715 714 762 illi
759 716 817 763 de
858 716 1180 764 Winchenezel
1219 733 1305 779 pre
1346 717 1515 764 timore

106 794 324 859 fugerunt
345 792 476 857 quasi
497 793 542 839 in
565 809 761 840 numero
782 792 907 840 mille
927 798 973 840 et
992 792 1329 849 ducentorum,
1352 798 1516 856 postea

105 887 236 928 vero,
261 870 449 918 Francis
470 869 749 917 exeuntibus
770 887 794 917 e
814 870 937 924 villa,
963 870 1100 917 simul
1129 870 1296 933 spiritu
1324 871 1516 919 audacie

105 953 365 1011 resumpto,
407 947 584 994 reversi
623 953 731 994 sunt
767 952 874 994 ante
910 946 1067 994 villam
1106 963 1255 1004 suam,
1298 953 1516 1010 putantes

105 1025 213 1072 inde
236 1028 438 1072 Francos
462 1024 507 1071 vi
534 1024 768 1087 expellere
791 1030 837 1071 et
863 1023 1019 1070 villam
1045 1039 1178 1071 suam
1197 1040 1476 1087 recuperare
1502 1042 1511 1070 τ

105 1108 215 1150 tunc
234 1105 368 1166 Hugo
389 1101 447 1148 de
467 1101 740 1150 Castellione
761 1108 808 1148 et
828 1100 970 1148 ceteri
991 1100 1160 1148 milites
1180 1117 1287 1148 cum
1308 1101 1516 1149 Johanne

105 1179 163 1227 de
189 1178 444 1235 Novavilla,
471 1178 730 1242 capitaneo,
752 1178 798 1225 in
819 1178 962 1225 armis
988 1183 1212 1225 exeuntes
1231 1183 1394 1225 contra
1413 1194 1511 1235 eos,

105 1256 436 1320 refugaverunt
457 1271 538 1302 eos
559 1255 624 1303 sic
651 1254 778 1318 quod
798 1260 962 1318 postea
982 1271 1076 1301 non
1102 1254 1511 1318 comparuerunt1.

171 1336 317 1380 Porro
343 1349 454 1397 rege
481 1332 644 1397 Anglie
664 1349 771 1379 cum
793 1332 1000 1379 exercitu
1023 1349 1125 1389 suo,
1148 1338 1202 1380 ut
1220 1332 1396 1380 dictum
1424 1337 1511 1388 est,

106 1409 219 1457 dum
243 1410 328 1456 hec
352 1415 620 1473 agerentur,
641 1409 687 1456 in
711 1408 902 1456 Francia
919 1408 1256 1465 debachante-2,
1280 1408 1406 1456 idem
1431 1424 1516 1455 rex

108 1571 123 1592 ε
147 1556 433 1605 quamplurima
460 1556 602 1592 ibidem
631 1561 903 1603 perpetrarunt
934 1568 948 1589 n
983 1555 1156 1603 (Rymer,
1190 1556 1344 1598 Foedera,
1379 1555 1438 1592 ed.
1471 1555 1516 1591 de

107 1617 209 1661 1825,
233 1622 260 1652 t.
284 1615 354 1661 ΙΙΙ,
377 1626 465 1662 pars
486 1627 511 1660 1,
533 1626 569 1662 p.
592 1615 687 1655 476).
711 1615 838 1660 Enfin,
857 1615 892 1650 le
912 1614 1021 1650 lundi
1044 1614 1086 1650 16
1106 1625 1226 1660 marS,
1247 1614 1274 1649 il
1295 1614 1517 1661 completait

105 1685 169 1711 ces
189 1673 326 1709 details
342 1673 386 1709 de
407 1673 445 1708 la
465 1673 578 1721 sargon
594 1673 629 1708 la
649 1673 735 1719 plus
750 1673 1011 1708 interessantc
1032 1685 1038 1707 :
1066 1686 1081 1705 «
1099 1672 1199 1716 Quia
1220 1672 1371 1708 inimici
1393 1673 1516 1709 nostri

108 1747 124 1767 «
146 1733 191 1769 de
214 1732 396 1778 Francia,
418 1732 458 1768 in
479 1743 623 1779 magna
648 1731 900 1767 multitudine
923 1737 1163 1767 armatorum
1192 1742 1281 1767 cum
1308 1731 1416 1778 equis
1438 1732 1517 1767 suis

108 1806 123 1825 «
146 1791 245 1838 apud
266 1790 511 1838 Wynchelse
533 1792 590 1826 die
610 1792 798 1826 dominica
816 1792 986 1836 promimo
1003 1792 1205 1836 praeterita,
1231 1790 1515 1836 applicuerunt,

107 1864 123 1884 «
147 1857 184 1887 et
205 1850 336 1887 villam
358 1851 466 1886 illam
487 1856 672 1896 ceperunt
693 1855 730 1886 et
752 1861 886 1886 omnes
908 1849 1087 1886 homines
1114 1849 1155 1884 in
1176 1848 1310 1885 eadem
1335 1849 1516 1886 inventos

108 1924 122 1944 α
146 1910 413 1946 inhumaniter
433 1909 713 1946 interfecerunt
735 1915 772 1945 et
793 1915 913 1945 totam
934 1909 1099 1956 patriam
1114 1908 1257 1944 ibidem
1277 1908 1514 1955 equitarunt,

108 1984 124 2003 «
146 1968 370 2015 homicidia,
392 1968 589 2013 incendia,
611 1968 896 2005 destructiones
923 1973 961 2004 et
981 1967 1057 2003 alia
1082 1967 1186 2003 mala
1206 1978 1290 2014 quae
1317 1972 1515 2014 poterunt,

108 2043 122 2063 a
146 2027 402 2076 perpetrando
437 2032 474 2063 et
514 2027 662 2074 majora.
694 2027 864 2074 dampna
896 2027 936 2062 in
969 2026 1075 2062 brevi
1107 2026 1405 2073 perpetrabunt,
1440 2027 1516 2063 nisi

107 2101 124 2121 <z
146 2096 279 2124 eorum
312 2086 516 2134 proterviae
549 2091 586 2122 et
620 2085 779 2121 malitiae
814 2085 928 2121 citius
961 2091 998 2121 et
1031 2085 1181 2121 virilius
1215 2090 1466 2122 occuratur...
1499 2100 1513 2120 ι)

107 2147 225 2191 (Ibid.,
249 2157 286 2193 p.
309 2145 404 2188 477).
427 2145 481 2181 Le
510 2145 551 2180 17
574 2155 693 2188 mars,
721 2134 902 2180 Edouard
923 2143 980 2179 III
1007 2143 1141 2180 n’etait
1169 2154 1236 2190 pas
1264 2154 1407 2181 encore
1433 2156 1516 2181 ras-

106 2206 194 2241 sure
221 2211 259 2242 et
285 2204 415 2240 faisait
442 2214 634 2240 resserrer
665 2203 702 2238 la
730 2202 863 2249 prison
894 2202 959 2239 des
989 2202 1175 2250 Francais
1206 2202 1271 2249 qui
1301 2203 1447 2240 etaient
1467 2215 1515 2240 en

107 2275 176 2300 son
196 2263 371 2310 pouvoir.
393 2262 464 2299 Ces
486 2262 648 2298 extraits
668 2267 859 2308 prouvent
886 2272 960 2308 que
981 2261 1017 2296 la
1037 2260 1123 2296 date
1145 2260 1296 2297 donnee
1316 2272 1386 2308 par
1405 2268 1516 2299 notre

107 2322 320 2370 chronique
359 2327 418 2358 est
458 2321 794 2369 rigoureusement
835 2326 993 2363 exacte3
1030 2325 1068 2356 et
1107 2320 1201 2356 c'est
1239 2320 1274 2356 le
1309 2320 1515 2358 dimanche

109 2383 150 2418 15
171 2393 275 2417 mars
296 2392 369 2429 que
393 2381 649 2417 Winchelsea
669 2380 726 2416 fut
746 2380 902 2416 detruit.

155 2442 189 2477 1.
211 2441 311 2477 Jean
333 2440 378 2476 de
400 2440 567 2475 Venette
589 2450 638 2475 ne
662 2439 789 2475 donne
806 2450 871 2474 sur
893 2443 992 2475 cette
1011 2438 1230 2485 expedition
1251 2450 1324 2487 que
1346 2439 1411 2475 des
1431 2450 1516 2476 ren-

107 2500 370 2547 seignements
403 2498 515 2535 d’une
548 2499 722 2534 extreme
758 2498 943 2534 brievete.
980 2497 1116 2543 Seule,
1149 2498 1186 2534 la
1215 2499 1422 2544 chronique
1456 2500 1515 2534 des

107 2562 238 2604 quatre
263 2559 444 2602 premiers
478 2558 593 2592 Valoz's
623 2560 670 2603 (p.
699 2557 761 2592 111
795 2557 816 2591 ὲ.
848 2556 924 2595 112)
955 2556 1097 2592 fournit
1124 2556 1190 2593 des
1218 2557 1354 2593 details
1384 2557 1512 2603 utiles,

106 2617 198 2653 bien
218 2616 345 2652 moins
365 2615 490 2662 precis
512 2615 727 2661 cependant
749 2625 822 2662 que
844 2626 942 2651 ceux
962 2614 1007 2650 de
1028 2615 1064 2650 la
1085 2616 1399 2662 Chronoyraphm.

155 2676 188 2711 2.
213 2675 265 2711 Le
288 2674 342 2710 roi
363 2673 633 2721 d’Angleterre
659 2684 773 2721 passa
798 2674 852 2709 les
875 2674 969 2710 fetes
996 2673 1041 2710 de
1062 2674 1213 2722 Paques
1235 2677 1267 2720 (5
1290 2674 1386 2710 avril
1411 2674 1512 2720 1360,

109 2745 147 2770 n.
172 2738 237 2775 st.)
258 2734 279 2769 a
301 2733 556 2780 Chanteloup,
580 2733 667 2779 pres
691 2732 736 2770 de
759 2732 1348 2780 Saint-Germain-les-Arpajon
1371 2733 1511 2778 (Frois-
