1923 3358
164 349 265 397 1340]
436 354 804 387 GHRONOGRAPHIA
831 354 983 387 REGUM
1008 351 1284 386 FRANCORUM.
1492 350 1555 386 147

159 432 319 490 forcia,
343 433 463 479 inter
484 450 573 496 que
600 450 755 480 comes
782 433 986 480 Hanonie
1013 449 1098 495 per
1118 432 1369 496 quemdam
1389 432 1559 496 magis-

158 515 285 557 trum
323 510 471 557 erexit
508 527 652 557 unum
687 510 819 557 valde
857 526 1078 573 magnum
1114 515 1159 556 et
1191 509 1430 567 nocivum,
1465 526 1558 572 quo

158 587 329 633 direxit
364 587 541 650 lapides
578 587 749 633 multos
793 591 954 632 contra
1000 591 1183 648 portam
1225 585 1282 632 de
1323 585 1555 642 Bordello,

158 680 352 727 eamque
375 663 574 727 jactibus
599 662 799 725 turpiter
818 662 1010 726 detegit.
1037 666 1086 708 In
1113 661 1243 725 cujus
1270 663 1488 726 opposito
1514 668 1561 710 et

156 740 202 786 in
229 741 393 788 eadem
418 745 554 803 porta
573 743 888 786 Tornacenses
916 738 1039 786 aliud
1071 743 1349 795 statuerunt,
1380 740 1560 802 plures-

157 833 248 879 que
285 816 462 879 lapides
495 815 740 879 jacientes,
778 814 1009 861 neminem
1049 813 1277 870 leserunt,
1315 831 1559 878 quousque

156 892 378 957 magister
393 891 513 939 illius
533 892 704 956 ingenii
724 891 890 939 videns
913 896 1146 939 rectorem
1173 891 1362 939 alterius
1389 892 1559 956 ingenii

156 976 287 1016 extra
311 969 487 1027 villam,
516 985 653 1016 suum
682 969 918 1033 ingenium
944 968 1188 1032 adaptans,
1218 974 1379 1015 contra
1404 968 1559 1032 ipsum

155 1046 278 1093 misit
310 1045 512 1109 lapidem
543 1062 649 1093 cum
682 1045 887 1092 maximo
918 1045 1114 1108 impetu,
1145 1063 1170 1091 a
1203 1062 1296 1108 quo
1322 1045 1559 1109 ingenium

96 1153 101 1157 -
155 1123 352 1169 fractum
377 1128 447 1169 est
479 1128 525 1169 et
557 1129 695 1186 caput
726 1122 924 1170 rectoris
955 1122 1163 1186 ejusdem
1195 1121 1455 1186 projectum
1489 1128 1559 1169 est

154 1198 290 1262 longe
310 1216 335 1245 a
355 1199 580 1261 corpore¹
603 1216 611 1244 :
631 1198 757 1261 quod
778 1198 975 1245 multum
996 1197 1231 1261 displicuit
1247 1197 1335 1245 illis
1350 1197 1408 1244 de
1427 1214 1560 1244 exer—

154 1276 247 1323 citu
272 1281 317 1323 et
344 1276 566 1339 precipue
591 1276 749 1323 comiti
777 1275 1001 1323 Hanonie.

218 1352 407 1400 Interim
445 1369 550 1401 cum
587 1369 670 1399 rex
706 1352 894 1399 Francie
933 1351 1184 1414 recepisset
1220 1351 1397 1399 litteras
1434 1351 1559 1415 regis

152 1429 331 1493 Anglie,
354 1435 404 1476 ut
430 1429 606 1476 dictum
633 1435 719 1485 est,
744 1429 789 1475 in
815 1428 1026 1492 prioratu
1048 1428 1198 1475 Sancti
1220 1428 1422 1484 Andree,
1447 1431 1558 1475 Tor-

154 1522 375 1554 nacenses
415 1512 592 1553 secrete
630 1506 987 1553 transmiserunt
1026 1505 1144 1552 duos
1185 1505 1465 1569 Cordigeros
1500 1504 1559 1551 ad

153 1599 278 1638 eum,
308 1582 596 1646 postulantes
627 1588 678 1629 ut
704 1588 996 1629 succurreret
1023 1581 1105 1637 eis,
1135 1581 1353 1644 quoniam
1380 1581 1442 1628 ita
1470 1581 1559 1627 cir-

153 1658 355 1706 cumdati
377 1665 509 1706 erant
528 1658 586 1706 ab
612 1658 808 1706 inimicis
831 1658 957 1721 quod
978 1657 1193 1705 victualia
1221 1673 1312 1704 non
1339 1662 1558 1720 poterant

153 1735 259 1783 duci
285 1736 344 1783 ad
369 1738 497 1783 eos2.
563 1752 568 1754 ·

216 1813 391 1861 Idcirco
421 1830 503 1860 rex
537 1813 663 1860 misit
697 1813 863 1861 ducem
897 1813 1205 1869 Athenarum,
1235 1811 1558 1859 vicecomitem

152 1889 210 1937 de
227 1891 451 1947 Thoarco,
468 1891 790 1938 vicecomitem
811 1890 870 1937 de
890 1890 1085 1954 Alneyo,
1107 1889 1348 1937 dominum
1369 1892 1557 1936 Petrum

152 1966 211 2014 de
236 1967 276 2013 F
277 1969 533 2030 einqueym',
563 1967 781 2015 comitem
807 1967 1285 2023 Authisiodorensem,
1317 1966 1556 2013 dominum

153 2045 211 2091 de
240 2044 390 2092 Craon
415 2050 461 2091 et
487 2044 680 2092 fratrem
707 2061 860 2099 suum,
891 2044 1131 2091 dominum
1162 2043 1420 2091 Guidonem
1453 2041 1558 2087 Tal-

147 2122 276 2184 pz'nss,
303 2120 542 2168 dominum
570 2121 628 2168 de
654 2121 924 2169 Castellione
944 2121 988 2166 in
1009 2120 1224 2176 Turonia‚
1247 2118 1392 2165 filium
1414 2118 1558 2165 comi-

201 2252 233 2285 1.
258 2249 308 2286 Ce
337 2249 403 2285 fait
430 2250 508 2286 doit
532 2250 612 2286 etre
633 2255 758 2295 exact,
781 2261 845 2286 car
866 2261 915 2286 on
938 2250 971 2285 le
992 2255 1170 2285 retrouve
1192 2248 1287 2283 dans
1308 2247 1373 2283 des
1395 2246 1555 2283 extraits

151 2309 196 2344 de
218 2309 449 2356 chroniques
470 2309 782 2345 tournaisiennes
807 2309 1021 2356 reproduits
1042 2320 1111 2354 par
1131 2308 1164 2343 le
1186 2307 1306 2343 baron
1327 2307 1487 2354 Kervyn
1510 2306 1554 2342 de

152 2368 390 2404 Lettenhove
414 2367 630 2413 (Froissart,
653 2375 678 2403 t.
702 2368 771 2410 ΙΙΙ,
794 2379 829 2414 p.
854 2368 950 2412 497).

198 2427 230 2462 ⁶2.
257 2426 358 2462 C’est
380 2438 422 2462 ee
442 2427 679 2473 paragraphe
700 2437 772 2474 que
794 2428 848 2462 les
869 2429 1070 2462 Anciemies
1091 2426 1307 2470 chroniques
1333 2426 1373 2460 de
1399 2426 1556 2460 Flandre

155 2487 277 2530 (latore
292 2489 324 2521 et
338 2488 527 2530 oroniques
541 2487 582 2520 de
601 2487 788 2530 Flandres,
806 2492 833 2521 t.
851 2485 881 2531 I,
904 2497 940 2531 p.
962 2485 1041 2529 395)
1057 2490 1124 2519 ont
1146 2484 1318 2520 rattache
1341 2495 1431 2519 sans
1453 2489 1557 2519 tran-

153 2545 268 2581 sition
298 2545 319 2580 -ὶ
353 2545 388 2580 la
422 2546 585 2591 reponse
618 2545 707 2581 faite
739 2556 807 2591 par
833 2545 867 2580 le
903 2545 957 2580 roi
987 2544 1032 2580 de
1058 2544 1207 2581 France
1240 2556 1315 2581 aux
1345 2545 1477 2580 lettres
1511 2544 1555 2579 de

153 2604 225 2639 defi
252 2594 467 2640 d'Edouard
494 2603 563 2639 ΠΙ.
588 2603 662 2639 Les
683 2604 844 2640 Grandes
867 2605 1089 2648 Clm’oniques
1113 2605 1151 2647 (t.
1170 2603 1220 2648 V,
1242 2615 1278 2650 p.
1301 2604 1379 2648 401)
1403 2607 1471 2639 ont
1491 2602 1557 2637 fait

156 2674 305 2699 comme
333 2664 387 2699 les
414 2664 616 2699 Ancz'ennes
642 2665 858 2708 chroniques
884 2665 924 2699 (Ze
952 2665 1131 2705 Flandre‚-
1153 2673 1293 2699 encore
1321 2662 1557 2698 n'ont-elles

153 2723 207 2758 dit
236 2723 276 2758 ni
304 2723 406 2759 l‘une
434 2723 473 2758 ni
501 2723 636 2759 l'autre
664 2734 735 2770 que
762 2723 815 2758 les
843 2723 1011 2770 envoyes
1038 2722 1082 2757 de
1110 2723 1280 2759 Tournai
1312 2723 1461 2758 fussent
1492 2720 1558 2755 des

153 2780 382 2817 Cordeliers.

201 2841 234 2876 3.
258 2839 315 2876 Ou
338 2840 457 2887 plutot
480 2840 639 2887 Turpin.
