1923 3358
96 280 198 327 1340]
370 284 739 317 CHRONOGRAPHIA
767 286 919 317 REGUM
945 285 1223 318 FRANCORUM.
1426 283 1491 320 117

93 363 206 427 erigi
223 368 269 409 et
290 363 436 426 proici
460 363 562 427 (sio)
586 363 764 427 lapides
787 370 921 412 nocte
943 364 1128 428 dieque,
1153 364 1322 427 quibus
1343 366 1492 412 menia

91 440 234 488 fracta
254 447 377 497 sunt,
396 441 738 503 domorumque
752 447 870 488 tecta
886 458 1080 504 prorsus
1094 442 1140 488 in
1155 448 1279 489 terra
1294 442 1488 506 dejecta.

154 520 273 565 Dum
306 524 462 565 autem
495 517 556 564 illi
589 518 646 564 de
681 518 868 564 castello
900 519 961 565 ob
996 520 1066 566 sui
1103 520 1274 566 castelli
1308 520 1492 567 fractio-

88 611 196 641 nem
223 595 420 642 multum
447 600 828 658 expavescerent,
860 595 1073 656 quamvis
1099 596 1281 643 fortiter
1306 597 1492 644 resiste-

87 677 192 719 rent
217 677 377 719 contra
403 671 504 718 illos
529 671 587 717 de
613 671 836 727 exercitu,
864 688 1022 718 comes
1048 673 1270 728 Hanonie‚
1297 690 1492 738 congre-

87 749 206 813 gatis
245 749 290 795 in
328 765 410 795 sua
447 747 598 810 patria
641 747 798 795 multis
841 748 899 794 de
938 748 1174 805 Flandria‚
1217 750 1487 808 Brabancia,

87 825 310 880 Almania,
342 823 573 879 Gheldria,
602 824 779 871 Julioco
806 830 851 871 et
878 824 936 872 de
963 825 1276 883 Falcomonte,
1300 828 1492 875 accessit

86 917 251 948 versus
284 900 495 948 Thunum
532 899 750 963 Episcopi
790 900 849 947 ad
891 901 1259 948 succurrendum
1301 902 1389 950 illis
1434 903 1491 950 de

86 977 296 1033 castello,
339 981 583 1040 castraque
624 983 824 1025 metatus
865 984 936 1024 est
976 978 1038 1024 ita
1079 994 1230 1041 prope
1269 981 1488 1036 Francos,

85 1054 212 1118 quod
251 1054 385 1102 nichil
424 1060 524 1101 erat
561 1055 683 1102 inter
718 1055 820 1102 illos
851 1055 938 1102 nisi
973 1061 1108 1118 prata
1139 1062 1185 1102 et
1216 1057 1411 1113 fluvius3
1446 1063 1492 1104 et

82 1133 331 1181 veniebant
357 1133 638 1196 quandoque
662 1133 719 1181 de
741 1151 829 1180 una
850 1138 982 1197 parte
1004 1150 1147 1196 super
1163 1133 1276 1181 alios
1296 1138 1344 1181 et
1363 1150 1491 1180 com-

81 1211 307 1258 mitebant
341 1211 443 1275 (sic)
476 1211 598 1258 inter
627 1228 676 1258 se
709 1211 852 1258 multa
885 1211 1138 1258 certamina
1170 1229 1178 1258 :
1210 1211 1255 1257 in
1288 1228 1490 1275 quorum

81 1307 173 1337 uno
213 1289 475 1353 Philippus,
516 1289 648 1337 ducis
685 1289 953 1353 Burgundie
993 1289 1137 1345 filius,
1180 1289 1313 1337 miles
1354 1290 1490 1337 effec-

82 1373 157 1414 tus
185 1372 272 1414 est.

145 1443 321 1491 Deinde
355 1459 511 1490 comes
543 1443 772 1499 Hanonie,
803 1443 960 1490 habito
995 1443 1186 1490 consilio
1224 1459 1331 1490 cum
1371 1443 1488 1491 duce

80 1520 350 1576 Brabancie,
374 1519 544 1567 comite
567 1519 782 1568 Gueldrie
802 1526 847 1567 et
868 1520 966 1567 aliis
987 1520 1241 1584 majoribus
1262 1520 1330 1567 sui
1352 1536 1489 1567 exer-

81 1597 216 1655 citus,
246 1597 370 1644 misit
396 1613 540 1644 unum
570 1596 763 1643 militem
796 1597 855 1644 ad
886 1596 1053 1644 ducem
1079 1597 1377 1654 Normannie,
1408 1597 1487 1660 qui

80 1674 256 1721 diceret
272 1673 312 1720 ei
334 1673 479 1737 quod,
504 1673 541 1719 si
563 1672 773 1729 auderet,
804 1672 977 1720 bellum
999 1672 1086 1719 sibi
1108 1678 1350 1729 annueret,
1375 1672 1488 1719 alio-

79 1750 190 1813 quin
216 1749 472 1796 dimitteret
497 1749 735 1796 castellum
763 1755 809 1796 et
831 1749 1007 1796 rediret
1033 1749 1078 1795 in
1099 1749 1358 1796 Franciam.
1384 1752 1487 1796 Dux

78 1832 251 1882 autem,
277 1826 470 1874 consilio
495 1826 637 1890 regis,
669 1826 817 1889 patris
841 1826 928 1881 sui,
953 1826 1191 1873 mandavit
1217 1826 1374 1872 comiti
1401 1842 1487 1888 per

79 1904 255 1951 dictum
286 1903 479 1951 militem
512 1903 637 1966 quod
672 1919 766 1950 non
797 1908 1024 1950 annueret
1056 1903 1144 1950 sibi
1178 1903 1369 1958 bellum,
1401 1919 1486 1949 nec

79 1980 319 2028 recederet
344 1999 369 2027 a
401 1980 572 2028 castelli
606 1980 872 2037 obsidione,
910 1980 1059 2026 donec
1093 1980 1246 2043 ipsum
1278 1979 1485 2026 funditus

79 2058 292 2105 evulsum
318 2063 530 2104 cerneret
555 2064 600 2105 et
626 2058 705 2120 qui
733 2064 864 2104 erant
890 2058 1006 2104 infra
1033 2057 1242 2119 captivos
1271 2056 1480 2103 haberet.

144 2136 243 2191 Quo
275 2134 449 2191 audito,
480 2151 638 2182 comes
669 2152 761 2182 non
794 2134 1031 2181 modicum
1058 2133 1357 2180 contristatus
1383 2139 1480 2190 est3

78 2218 186 2276 post
211 2211 448 2274 paululum
480 2218 724 2275 receperat
755 2212 932 2258 litteras
961 2228 987 2257 a
1021 2226 1132 2274 rege
1163 2211 1324 2274 Anglie
1356 2210 1483 2273 quod

78 2289 227 2337 abiret
251 2288 438 2335 obviam
464 2289 505 2335 ei
531 2289 577 2336 in
603 2289 883 2345 Flandriam,
908 2304 1002 2350 quo
1029 2287 1073 2333 in
1103 2287 1234 2334 brevi
1256 2293 1483 2335 venturus

77 2371 177 2413 erat
212 2383 221 2411 :
259 2365 432 2412 idcirco
470 2382 576 2413 cum
614 2366 823 2413 exercitu
863 2382 946 2412 suo
984 2364 1175 2412 recessit
1211 2371 1256 2412 et
1288 2364 1401 2412 abiit
1435 2365 1480 2411 in

77 2441 333 2489 Hanoniam
359 2447 406 2489 et
431 2441 663 2489 exercitus
689 2441 788 2505 ejus
820 2457 1020 2503 sequens
1050 2457 1174 2488 eum.
1207 2444 1325 2488 Dum
1358 2441 1481 2488 enim

76 2518 370 2574 recederent,
388 2519 648 2566 vicecomes
664 2518 724 2565 de
738 2519 961 2574 Thoarco,
981 2517 1130 2566 sciens
1147 2534 1310 2565 eorum
1328 2534 1481 2565 reces-

79 2612 200 2652 sum,
224 2612 331 2642 cum
351 2594 446 2642 suis
468 2595 735 2642 hominibus
759 2611 998 2642 armorum
1024 2612 1223 2659 sequens
1250 2612 1348 2651 eos,
1373 2611 1480 2641 cau-

78 2670 187 2718 dam
227 2671 590 2719 Hanoniensium
630 2687 876 2735 aggressus
916 2676 987 2718 est
1021 2672 1284 2735 multosque
1320 2688 1378 2717 cx
1413 2670 1479 2717 eis

79 2748 264 2806 occidit,
296 2764 496 2811 cumque
528 2748 759 2796 exercitus
793 2754 1185 2806 commoveretur,
1218 2748 1477 2795 vicecomes
