1923 3358
151 268 253 315 1337]
418 269 786 305 CHRONOGRAPHIA
812 273 965 305 REGUM
993 272 1272 306 FRANCORUM.
1501 271 1543 306 45

148 351 412 398 deffendere
430 357 603 398 terram
622 352 823 416 Anglicis
843 353 1289 416 apropinquantibus
1309 358 1355 401 et
1375 369 1547 401 exeun-

144 428 270 475 tibus
296 428 354 475 de
381 428 578 483 vaxillis,
609 428 798 492 sagittas
829 434 874 475 et
908 429 998 475 tela
1028 430 1212 476 fortiter
1239 429 1469 493 jaciebant
1501 438 1546 477 et

145 521 251 552 cum
283 505 447 569 gladiis
478 505 721 552 feriebant.
753 505 841 552 Sed
872 505 1050 568 Anglici
1082 506 1374 568 prevalentes
1405 507 1547 554 intra-

143 589 314 629 verunt
354 587 400 629 et
433 587 781 644 occupaverunt
818 587 1015 637 terram⁷
1060 582 1308 647 Flamingis
1347 583 1546 647 repulsis

143 658 189 704 in
215 658 371 705 villam
397 674 546 714 suam,
575 673 738 705 eorum
764 657 977 720 pluribus
1006 658 1200 706 letaliter
1225 660 1476 708 vulneratis
1502 666 1548 707 et

143 734 412 782 interfectis.

206 821 351 865 Porro
383 815 547 873 Guido,
578 815 825 864 bastardus
857 817 1150 865 Flandrensis
1184 824 1230 865 et
1261 819 1331 866 sui
1357 820 1435 882 qui
1461 819 1546 867 ibi-

141 893 249 941 dem
271 893 576 950 advenerunt,
608 893 780 941 scilicet
802 898 964 942 Dostra
993 895 1051 942 de
1076 895 1346 952 Hallwino1,
1379 897 1547 943 Johan-

139 987 222 1018 nes
236 971 294 1018 de
311 970 624 1033 Mendekequa
636 972 671 1027 2,
693 971 923 1018 Ernoldus
938 971 995 1018 de
1012 972 1249 1036 Brugdant
1261 975 1296 1029 3,
1315 976 1338 1021 J
1343 973 1547 1021 ohannes

139 1047 198 1094 de
224 1048 398 1102 Roda&
423 1048 652 1095 Johannes
677 1047 735 1094 de
760 1048 1026 1095 Mesoreda5
1047 1055 1090 1096 et
1117 1052 1248 1114 Hugo
1270 1049 1327 1097 de
1348 1051 1548 1099 Waltro-

138 1124 320 1171 veillet6
341 1140 446 1171 curn
473 1124 567 1171 suis
588 1123 851 1171 hominibus
869 1129 913 1171 et
940 1124 1278 1173 habitatoribus
1298 1125 1419 1172 dicte
1442 1125 1547 1172 ville

139 1200 197 1248 de
221 1202 393 1264 Gagant
414 1207 636 1248 exeuntes
657 1207 805 1257 extra,
831 1218 990 1249 coram
1012 1203 1213 1267 Anglicis
1234 1220 1373 1250 unam
1400 1202 1545 1250 aciem

139 1276 364 1324 fecerunt.
384 1277 515 1334 Quod
535 1277 745 1324 videntes
764 1279 957 1342 Anglici,
980 1279 1223 1327 confestim
1243 1297 1350 1328 cum
1370 1279 1545 1344 ingenti

139 1352 315 1417 impetu
347 1370 427 1401 eos
459 1354 666 1418 aggressi
700 1361 808 1402 sunt
837 1372 846 1401 ε
877 1356 1100 1403 resistunt
1131 1356 1354 1421 Flamingi
1386 1362 1546 1403 mutua

139 1430 408 1478 vulneribus
438 1431 629 1478 vulnera
666 1431 933 1480 reddentes.
971 1436 1177 1497 Cumque
1217 1433 1306 1480 diei
1348 1433 1545 1481 multum

138 1507 426 1571 preterisset,
463 1508 602 1555 cessit
629 1508 819 1556 victoria
848 1510 1049 1573 Anglicis
1079 1510 1176 1573 qui,
1207 1516 1344 1573 capto
1373 1527 1543 1574 preno-

138 1583 313 1630 minato
345 1582 569 1639 Guidone,
601 1584 820 1631 bastardo
846 1585 1057 1632 Flandrie
1083 1602 1188 1633 cum
1215 1587 1313 1633 aliis
1341 1593 1540 1649 septem,

138 1660 303 1708 ceteris
328 1660 545 1708 omnibus
576 1661 849 1719 interfectis,
878 1662 1033 1710 villam
1060 1662 1311 1726 predantes
1338 1663 1543 1710 totaliter

137 1737 244 1802 igne
270 1738 673 1785 combusserunt7.

201 1820 340 1885 CujUs
365 1820 484 1884 ignis
511 1821 809 1884 splendorem
829 1824 1090 1886 Brugenses
1114 1823 1171 1870 de
1195 1822 1360 1887 Brugis
1379 1822 1542 1869 viden-

136 1902 224 1954 tes,
248 1898 444 1945 multum
470 1899 730 1961 stupefacti,
759 1914 869 1945 mox
898 1915 948 1946 se
974 1905 1274 1947 armaverunt
1300 1915 1403 1946 cum
1429 1900 1547 1946 mul-

136 1975 197 2021 tis
223 1975 338 2032 aliis,
363 1976 470 2039 quia
488 1975 791 2024 incontinenti
812 1993 905 2023 vox
930 1976 1038 2024 inde
1063 1976 1267 2025 cucurrit
1292 1993 1377 2040 per
1397 1982 1547 2024 totam

137 2052 400 2100 Flandriam
438 2058 485 2100 et
526 2054 710 2101 iverunt
754 2053 919 2101 armati
959 2070 1121 2102 versus
1159 2054 1367 2101 Scluzam
1409 2071 1419 2100 :
1462 2053 1545 2101 sed

188 2224 219 2258 1.
244 2223 422 2259 Duckere
444 2234 492 2260 ou
514 2224 589 2260 sire
611 2224 655 2261 de
676 2225 882 2272 Halewyn.

185 2283 219 2318 ἱ).
245 2281 327 2317 Sire
349 2281 394 2317 de
416 2282 652 2319 Meetkerke.

187 2341 219 2377 3.
244 2341 328 2377 Sire
349 2340 393 2376 de
415 2340 626 2388 Brugdam.

187 2401 219 2436 4.
242 2401 341 2436 Jean
362 2400 406 2435 de
429 2400 548 2436 Rode.

188 2460 220 2496 5.
244 2458 398 2495 Merode
421 2459 476 2505 (5²).

186 2521 219 2556 6.
242 2519 301 2556 Ou
320 2519 443 2566 plutot
465 2519 583 2556 Gilles
604 2520 649 2556 de
670 2519 920 2556 VVatervliet.

186 2580 218 2614 7.
243 2578 263 2615 9
291 2577 496 2614 novembre
524 2578 627 2614 1337.
653 2577 847 2625 L’episode
873 2577 919 2614 de
945 2576 1136 2625 Cadzand,
1157 2578 1222 2626 qui
1249 2590 1298 2615 nc
1324 2578 1444 2626 figure
1472 2589 1545 2626 que

138 2637 234 2674 dans
260 2637 360 2673 deux
386 2636 603 2672 redactions
630 2637 695 2673 des
716 2638 918 2673 Ancc‘ennes
938 2638 1154 2683 clzronz'ques
1176 2640 1216 2673 de
1237 2639 1393 2674 Flandre
1416 2638 1543 2684 (Istore

139 2701 170 2732 et
190 2699 379 2742 croniques
399 2698 439 2732 de
459 2697 643 2737 Flandres,
661 2702 687 2731 t.
705 2696 756 2742 ΙΙ,
779 2708 814 2743 p.
832 2696 900 2732 362
920 2701 957 2733 et
975 2697 1071 2742 411),
1088 2708 1110 2744 y
1126 2702 1182 2733 est
1202 2702 1286 2733 tout
1307 2697 1329 2732 a
1349 2696 1416 2732 fait
1437 2701 1548 2732 tron-

140 2756 225 2802 que'.
238 2755 271 2791 ΙΙ
285 2761 342 2791 est
358 2755 442 2802 plus
457 2754 754 2801 completement
769 2754 901 2800 relate,
916 2765 964 2790 au
980 2755 1188 2801 contraire,
1204 2755 1299 2791 dans
1315 2754 1370 2790 les
1385 2755 1545 2792 Grandes

142 2815 363 2859 Ghrom'ques
385 2818 423 2859 (t.
449 2813 498 2860 V,
521 2825 556 2860 p.
581 2814 676 2858 371).
