1923 3358
124 267 227 313 1339]
398 270 766 305 CHRONOGRAPHIA
791 273 943 306 REGUM
968 273 1244 307 FRANGORUM.
1472 275 1515 311 85

119 355 165 397 et
191 349 402 398 videntes
427 351 553 414 quod
581 368 746 414 passus
777 368 868 398 non
900 352 1094 401 haberet
1119 353 1176 400 de
1199 353 1516 417 profunditate

117 426 221 489 plus
248 443 386 490 quam
413 444 678 475 mensuram
697 428 886 475 dimidie
906 429 1035 486 tibie,
1059 429 1233 477 dictum
1253 437 1324 478 est
1344 431 1409 478 eis
1428 449 1514 495 pro

115 519 229 550 vero
266 504 392 566 quod
430 504 604 568 Anglici
639 505 734 568 jam
773 505 1065 568 elongassent
1099 523 1179 553 eos
1217 524 1302 569 per
1335 514 1515 571 septem

114 577 283 626 leucas.
306 582 402 627 Rex
423 584 576 625 autem
595 579 783 626 Franeie
803 596 909 627 cum
928 580 1099 626 ibidem
1121 588 1412 644 expectasset
1430 600 1516 646 per

114 654 232 702 duos
250 655 392 712 dies¹,
414 671 632 702 reversus
651 661 721 702 est
739 655 798 702 ad
819 658 1037 704 Sanctum
1057 658 1367 717 Quintinunfl,
1392 660 1514 707 unde

112 733 292 780 remisit
308 732 534 780 soldarios
554 749 663 779 suos
683 732 741 779 ad
761 733 1041 780 munitiones
1060 733 1271 782 hostibus
1288 738 1509 793 confines,

113 825 166 856 ac
190 809 298 856 inde
323 808 562 856 Franciam
589 810 831 856 remeavit.

175 888 231 932 Et
263 901 347 932 rex
380 885 541 950 Anglie
577 886 780 933 existens
814 885 861 932 in
897 886 1103 933 Hanonia
1140 887 1218 935 ubi
1256 890 1512 937 exercitum

111 977 246 1009 suum
262 961 455 1018 dimisit,
476 962 773 1025 pronunciari
790 962 895 1009 fecit
914 963 1157 1010 hastiludia
1177 965 1301 1026 apud
1321 967 1513 1013 Bruxel-

107 1037 247 1094 lamss,
276 1038 355 1085 ubi
382 1038 512 1086 multi
540 1038 719 1086 nobiles
752 1038 982 1086 affuerunt
1012 1057 1020 1086 :
1052 1055 1251 1103 cumque
1277 1041 1402 1088 idem
1427 1059 1512 1089 rex

106 1114 448 1162 hastiludiasset
478 1120 523 1161 et
556 1115 686 1162 multi
719 1114 955 1178 principes
986 1116 1211 1174 Almanie,
1244 1118 1436 1165 recessit
1466 1125 1512 1166 et

107 1190 345 1254 profectus
371 1196 440 1238 est
464 1191 766 1254 Anverpiam.

170 1269 421 1330 Postquam
446 1284 559 1314 vero
595 1284 839 1332 regressus
867 1274 938 1315 est
964 1286 1048 1316 rex
1073 1269 1262 1317 Francie
1288 1271 1506 1327 Parisius,

106 1344 327 1409 Flamingi
350 1345 447 1408 (qui
473 1362 577 1393 cum
603 1362 659 1393 eo
680 1351 811 1392 erant
823 1345 860 1408 4)
884 1346 1002 1392 male
1023 1348 1226 1394 contenti
1248 1353 1355 1395 sunt
1376 1348 1434 1395 de
1454 1366 1509 1395 eo

106 1422 250 1485 quod,
280 1437 392 1485 rege
418 1422 578 1486 Anglie
603 1422 725 1469 bello
753 1439 844 1469 non
870 1428 1066 1486 excepto
1103 1424 1225 1486 (sie),
1259 1425 1413 1488 ipsum
1445 1425 1510 1472 sic

104 1514 210 1545 cum
231 1496 390 1561 predis
413 1496 650 1544 dimiserat
670 1515 696 1544 a
716 1514 864 1562 regno
885 1515 969 1545 suo
992 1499 1228 1556 recedere,
1254 1516 1277 1545 a
1300 1517 1392 1562 quo
1413 1505 1508 1546 tam

104 1579 336 1621 vastatum
356 1579 454 1620 erat
473 1573 580 1638 igne
601 1579 646 1620 et
666 1573 806 1632 cede;
828 1575 1194 1638 inceperuntque
1216 1593 1508 1624 murmurare

104 1650 329 1698 adversus
355 1666 462 1698 eum
490 1655 628 1713 atque
659 1650 953 1698 hortamento
978 1652 1136 1699 Jacobi
1162 1653 1221 1700 de
1246 1653 1507 1701 Arthevella

103 1727 350 1776 voluerunt
374 1727 544 1774 iterum
564 1727 735 1775 habere
756 1728 957 1775 Insulam
977 1734 1023 1775 et
1042 1731 1246 1776 Duacum
1267 1734 1313 1776 et
1332 1746 1508 1793 appen-

102 1803 288 1851 dencias
319 1804 547 1867 ipsarum,
581 1804 655 1850 vel
688 1803 932 1867 pecuniam
965 1820 1106 1867 quarn
1143 1804 1321 1853 dudum
1357 1806 1507 1853 solve-

101 1886 222 1938 rant,
247 1897 329 1927 seu
350 1879 707 1943 predecessores
727 1897 891 1928 eorum
911 1881 1145 1946 regalibus
1166 1889 1308 1944 prout
1329 1888 1506 1929 astrue-

102 1958 229 2014 bant,
253 1957 454 2020 alioquin
476 1963 720 2005 moverent
742 1973 960 2021 guerram
988 1964 1150 2005 contra
1169 1974 1275 2005 eum
1295 1964 1340 2006 et
1361 1958 1505 2006 dictas

149 2098 182 2133 1.
207 2097 289 2133 Soit
309 2098 344 2134 le
364 2098 407 2134 ,⁶24
430 2103 466 2134 et
487 2098 521 2134 le
542 2098 586 2134 25
608 2098 763 2135 octobre
787 2098 889 2135 1339.

147 2155 182 2192 2.
204 2156 258 2191 Le
285 2156 330 2192 25
359 2156 513 2193 octobre
541 2157 646 2203 1339,
672 2157 707 2193 10
735 2157 837 2194 clerc
869 2162 906 2193 et
935 2157 970 2193 le
998 2156 1136 2193 maitre
1165 2156 1230 2192 des
1259 2156 1503 2193 arbaletriers

101 2215 245 2251 etaient
269 2214 314 2251 de
343 2221 473 2252 retour
493 2216 514 2251 a
541 2216 855 2260 Saint-Quentin.
880 2216 990 2260 (Bibl.
1020 2221 1118 2261 nat„
1139 2216 1265 2252 Titres
1293 2217 1429 2253 5001105
1458 2217 1503 2254 (10

101 2274 392 2320 Clairambault,
415 2275 488 2311 vol.
510 2275 570 2322 24,
592 2276 656 2312 fol.
681 2276 799 2320 1719.)

148 2333 181 2369 3,
204 2332 256 2369 Le
277 2332 398 2368 baron
417 2332 577 2380 Kervyn
598 2333 643 2369 de
658 2333 897 2369 Lettenhove
918 2332 993 2368 fixe
1010 2343 1058 2368 au
1074 2334 1127 2368 1·ΞΓ
1141 2332 1350 2369 novembre
1365 2333 1402 2368 la
1416 2333 1502 2369 date

99 2392 149 2427 du
170 2391 298 2438 sej0ur
317 2381 531 2427 d’Edouard
550 2391 609 2427 III
629 2393 650 2427 a
671 2391 873 2427 Bruxelles
897 2390 1113 2438 (Froissart‚
1133 2396 1161 2426 t.
1184 2391 1340 2436 XXIII,
1361 2403 1396 2438 p.
1421 2392 1499 2437 407)

99 2456 136 2487 et
157 2462 205 2486 au
229 2450 273 2486 12
298 2449 347 2485 du
373 2450 499 2486 meme
524 2450 622 2486 mois
649 2451 685 2486 la
709 2456 826 2486 tenue
847 2450 961 2486 d'une
983 2450 1195 2487 assemblee
1218 2451 1240 2486 a
1259 2450 1430 2495 Anvers,
1452 2453 1499 2486 ou

99 2510 134 2545 10
161 2509 217 2545 roi
245 2507 512 2555 d'Angleterre
539 2509 701 2555 negocia
728 2519 821 2545 avec
844 2509 898 2544 les
927 2519 1152 2544 communes
1179 2508 1390 2545 flamandes
1418 2510 1500 2544 leur

100 2566 286 2603 adhesion
306 2566 501 2603 definitive
523 2567 544 2602 ἐι
564 2578 606 2603 sa
627 2578 742 2603 cause
763 2569 937 2609 (Histoire
957 2569 998 2602 de
1018 2569 1186 2610 Flandre,
1210 2572 1237 2603 t.
1261 2567 1331 2613 III,
1347 2579 1384 2614 p.
1401 2568 1496 2611 219).

145 2625 180 2660 4.
205 2624 278 2660 Les
309 2629 410 2660 mots
439 2624 567 2671 places
600 2630 708 2660 entre
734 2625 984 2671 parentheses
1013 2631 1080 2662 ont
1106 2627 1164 2661 ete
1194 2625 1361 2673 rajoutes
1389 2627 1498 2671 apres

101 2695 198 2731 coup
219 2683 314 2720 dans
335 2684 369 2720 le
396 2684 612 2721 manuscrit
641 2697 648 2719 2
678 2684 715 2730 je
743 2684 856 2721 doute
882 2694 954 2732 que
984 2690 1084 2722 cette
1113 2685 1282 2722 addition
1312 2685 1384 2721 soit
1409 2685 1497 2721 bien

102 2743 307 2780 heureuse.
