1923 3358
112 270 216 317 1340]
387 274 755 307 CHRONOGRAPHIA
782 275 933 307 REGUM
960 274 1236 308 FRANCORUM.
1445 272 1509 308 127

107 354 167 402 de
191 353 396 417 Berghes
422 359 468 401 et
493 353 551 401 de
576 354 740 402 Furnis
767 354 846 417 qui
873 361 1004 402 erant
1028 355 1074 402 in
1107 371 1277 420 magno
1312 371 1509 402 numero

106 430 435 495 pugillatorum
477 437 522 477 et
564 431 771 478 exierant
812 431 870 478 de
909 432 1059 494 patria
1099 449 1181 479 sua
1215 438 1260 478 et
1297 436 1428 478 erant
1463 431 1508 477 in

104 507 306 570 quadam
328 508 433 554 villa
453 508 640 554 nomine
667 508 942 571 Bambeqzce¹
972 508 1030 555 ab
1050 526 1142 556 una
1162 509 1290 556 leuca
1311 509 1510 556 distante

103 602 129 631 a
169 585 392 640 Cassesso,
431 584 649 631 dixerunt
683 584 810 646 quod
846 601 940 631 non
980 585 1231 632 transirent
1271 586 1413 643 ultra,
1455 602 1510 632 eo

103 661 230 724 quod
271 661 380 708 alias
421 661 606 707 fuerant
642 677 808 707 versus
847 663 1067 708 Sanctum
1104 662 1425 709 Audomarum
1465 668 1511 709 et

102 744 258 785 tamen
292 736 426 784 nichil
463 736 683 783 fecerant.
718 735 950 783 Robertus
984 742 1140 784 autem
1180 737 1236 784 de
1274 737 1506 794 Arthesio,

102 815 191 862 hoc
223 813 425 877 cognito,
461 812 623 860 habuit
655 812 900 860 consilium
937 829 1043 860 cum
1079 813 1174 861 suis
1208 814 1432 862 militibus
1466 820 1512 862 et

101 890 446 956 Brugensibus3
489 890 659 938 deinde
698 890 859 938 abiens
890 890 948 937 ad
980 890 1249 954 Bambeque‚
1286 891 1402 938 dixit
1443 891 1510 938 eis

100 968 227 1032 quod
264 967 484 1015 audacter
518 967 792 1024 transirent,
829 967 1050 1031 quoniam
1086 974 1379 1015 assecuratus
1411 974 1510 1015 erat

99 1046 158 1094 dc
178 1045 284 1092 villa
304 1045 456 1093 Sancti
476 1044 731 1092 Audomari
758 1050 804 1091 et
827 1044 885 1092 ab
911 1061 962 1091 ea
990 1049 1234 1108 receperat
1260 1044 1354 1092 duo
1381 1044 1510 1107 paria

98 1121 358 1169 litterarum
384 1126 430 1169 et
452 1121 579 1184 quod
602 1136 713 1168 mox
732 1127 785 1169 ut
807 1121 1020 1169 venirent
1039 1127 1145 1168 ante
1166 1127 1345 1185 portas,
1368 1121 1430 1167 illi
1451 1121 1510 1168 de

99 1196 206 1244 villa
240 1201 472 1260 ponerent
504 1213 584 1244 eos
615 1197 734 1244 infra
766 1201 813 1244 et
847 1195 1088 1244 traderent
1122 1195 1162 1243 ei
1196 1196 1364 1244 ducem
1396 1197 1510 1243 Bur-

100 1274 290 1339 gundie.

162 1351 258 1414 Ipsi
284 1356 456 1407 autem,
486 1357 536 1399 ut
568 1351 698 1407 fatui,
731 1351 976 1399 credentes
1008 1351 1066 1407 ei,
1099 1356 1326 1398 venerunt
1358 1367 1506 1414 usque

98 1426 156 1473 ad
180 1429 362 1474 Novum
388 1431 647 1483 Fossatum,
678 1427 885 1474 dicentes
907 1433 1063 1473 tamen
1094 1426 1222 1489 quod
1254 1443 1347 1473 non
1381 1433 1509 1474 tran-

99 1503 245 1551 sirent
264 1503 401 1560 ultra,
423 1503 510 1551 nisi
531 1506 758 1566 majorem
782 1504 1106 1551 asecuritatem
1133 1503 1235 1566 (sic)
1262 1502 1504 1551 haberent.

98 1580 271 1629 Videns
294 1596 407 1644 ergo
430 1579 664 1628 Robertus
686 1579 745 1627 de
764 1579 977 1627 Arthesio
999 1579 1127 1642 quod
1147 1596 1234 1642 per
1249 1579 1367 1626 hanc
1384 1579 1507 1626 viam

95 1656 290 1705 haberet
314 1673 413 1712 eos,
442 1656 641 1704 multum
667 1656 833 1704 letatus
865 1661 951 1703 est.
981 1658 1147 1703 Postea
1179 1655 1286 1703 fecit
1318 1672 1507 1704 currere

97 1749 207 1780 suos
245 1732 509 1796 sagittarios
547 1749 632 1796 per
663 1738 840 1779 terrain
872 1730 1072 1779 Arthesii
1106 1737 1152 1778 et
1186 1737 1368 1779 vastare
1403 1748 1505 1778 eam

97 1810 203 1874 igne
228 1815 275 1856 et
299 1809 432 1857 cede.

160 1890 264 1934 Dux
282 1903 395 1933 vero
415 1885 681 1950 Burgundie
701 1884 867 1932 videns
888 1885 1044 1949 ignem
1065 1884 1108 1932 in
1132 1890 1257 1932 terra
1280 1901 1380 1941 sua,
1402 1885 1503 1932 ilico

96 1963 221 2010 tubis
249 1963 592 2020 insonantibus,
628 1963 740 2010 exiit
772 1963 829 2009 de
855 1962 985 2019 villa,
1016 1962 1201 2010 aciebus
1234 1963 1498 2026 dispositis;

95 2045 140 2087 et
162 2040 363 2105 sagitarii
385 2040 583 2088 scientes
603 2040 857 2088 adventum
878 2040 977 2104 ejus
998 2039 1156 2104 fugam
1177 2040 1352 2104 agressi
1373 2047 1497 2088 sunt.

95 2118 424 2166 Nichilominus
455 2124 611 2166 tamen
644 2135 693 2165 se
722 2124 904 2165 tantum
936 2133 1193 2181 properare
1220 2134 1310 2164 non
1338 2124 1502 2181 potue-

95 2201 221 2253 runt,
246 2196 358 2259 quin
379 2213 437 2243 ex
458 2196 523 2243 eis
542 2203 623 2244 ΧΙ,ἢ
643 2200 941 2243 remanerent
966 2194 1196 2242 interfecti
1221 2195 1267 2241 in
1294 2196 1498 2258 quodam

96 2290 236 2337 passu
270 2274 349 2336 qui
380 2273 547 2321 dicitur
571 2276 692 2320 Pons
719 2272 1032 2335 Hauzequin2.
1062 2275 1164 2319 Dux
1196 2279 1352 2320 autem
1384 2276 1500 2321 Bur-

144 2410 176 2444 1.
199 2407 319 2454 Nord,
342 2408 671 2445 arrondissement
686 2408 731 2444 de
743 2407 997 2454 Dunkerque‚
1014 2412 1156 2444 canton
1171 2407 1495 2445 d’Hondschoote.

141 2457 176 2504 2'.
199 2467 480 2514 Pont-Asquin
515 2468 573 2513 (cf.
605 2479 733 2513 supr-a,
762 2478 797 2513 p.
828 2468 862 2511 4,
894 2471 983 2503 note
1011 2467 1058 2511 4).
1092 2467 1166 2503 Les
1195 2468 1356 2504 Grandes
1384 2470 1498 2505 Chro-

93 2529 220 2573 m'ques
249 2530 288 2572 (t.
314 2526 364 2573 V,
391 2538 426 2572 p.
456 2526 540 2571 390)
573 2527 680 2562 n'ont
708 2538 775 2573 pas
805 2526 972 2572 compris
1001 2526 1083 2563 ceci
1113 2532 1150 2563 et
1176 2538 1226 2562 en
1253 2534 1319 2563 ont
1349 2528 1415 2564 fait
1445 2540 1497 2563 un

93 2597 254 2633 passage
275 2585 651 2631 incomprehensible
674 2598 680 2620 ;
702 2598 715 2618 «
734 2585 832 2620 Mais
852 2585 909 2621 les
930 2596 1023 2632 gens
1045 2585 1094 2622 du
1114 2585 1187 2622 duc
1208 2586 1264 2622 les
1285 2586 1498 2623 retindrent

97 2658 112 2678 c<
134 2651 171 2682 et
192 2651 391 2680 entrerent
412 2644 500 2680 bien
523 2644 697 2680 soixante
719 2644 950 2680 droitement
971 2644 993 2680 ὲ,
1014 2655 1066 2680 un
1085 2656 1154 2691 pas
1180 2656 1252 2692 que
1277 2656 1327 2681 on
1351 2646 1497 2692 appelle

96 2717 110 2737 «
136 2703 169 2739 le
191 2704 291 2740 Pont
311 2703 524 2750 Hasequin.
545 2716 559 2737 »
580 2703 654 2740 Les
674 2704 874 2739 Anciennes
895 2704 1112 2749 chroniques
1132 2705 1173 2740 de
1196 2705 1351 2740 Flandre
1372 2706 1497 2748 (Istore

95 2767 126 2798 et
147 2765 336 2808 cronz’ques
356 2764 397 2798 de
417 2764 604 2807 FCandres,
627 2769 654 2798 t.
672 2763 702 2808 Ι,
722 2774 756 2809 p.
779 2763 872 2807 387),
894 2763 958 2810 qui
978 2768 1132 2810 portent
1151 2763 1255 2799 aussi
1277 2764 1299 2798 ἐι
1321 2763 1496 2800 soixante
