1923 3358
118 279 221 325 1339]
389 282 759 315 CHRONOGRAPHIA
787 283 939 314 REGUM
966 282 1242 314 FRANCORUM.
1477 279 1517 314 77

116 361 264 426 priUS,
292 363 510 411 confusus
539 380 781 428 regressus
804 369 874 410 est
906 380 914 408 :
947 362 1113 410 deinde
1139 362 1394 409 combussit
1419 363 1520 409 Bel-

114 440 467 498 lumrevisum1,
516 441 670 488 villam
713 448 759 488 et
802 441 1058 488 castellum.
1104 444 1158 488 Et
1207 456 1291 486 rex
1334 439 1513 504 Anglie,

114 517 305 565 audiens
349 517 476 581 quod
520 518 713 564 nimium
756 517 968 564 homines
1012 534 1251 565 armorum
1294 534 1352 564 ex
1392 516 1518 564 omni

112 600 247 656 parte
266 594 551 642 confluerent
577 594 635 640 ad
662 610 822 657 regem
849 593 1041 641 Francie
1066 594 1293 642 Noviomo
1314 599 1360 642 et
1379 594 1519 641 etiam

113 671 171 717 ad
207 673 423 719 Sanctum
460 671 752 728 Quintinum,
789 670 1037 733 proposuit.
1071 670 1138 718 ire
1172 674 1426 719 Perronam
1460 671 1516 719 ad

111 748 253 795 finem
277 747 478 795 habendi
503 747 676 795 bellum
702 752 864 794 contra
889 747 1046 794 eum2.

175 827 241 871 Eo
274 830 383 871 tunc
414 828 619 871 castrum
649 823 707 870 de
739 822 999 886 Balpamisss
1038 822 1140 886 (sic)
1175 822 1416 870 venditum
1448 830 1518 872 est

109 900 336 964 Anglicis3
365 900 447 948 sed
473 905 722 964 antequam
747 900 962 947 venirent
984 899 1179 963 Anglici,
1202 906 1427 962 preventa
1448 906 1518 947 est

108 976 303 1024 tradicio
323 977 575 1035 castellani,
600 977 730 1041 cujus
754 982 892 1041 caput
919 976 1152 1024 abscisum
1172 981 1218 1023 et
1238 992 1517 1039 suspensum

110 1058 181 1101 est
211 1053 257 1100 in
290 1053 556 1102 summitate
587 1054 777 1101 castelli.
809 1055 923 1101 Cum
954 1053 1078 1100 enim
1109 1070 1193 1100 rex
1219 1053 1379 1117 Anglie
1412 1070 1518 1101 cum

109 1130 316 1177 exercitu
338 1147 421 1178 suo
441 1130 705 1194 equitarent
724 1146 811 1193 per
829 1129 971 1185 viam,
995 1129 1091 1177 dux
1111 1129 1362 1177 Lincastrie
1381 1146 1517 1193 repe-

108 1206 169 1253 rit
194 1225 221 1254 a
247 1224 357 1255 casu
388 1207 608 1255 comitem
641 1207 945 1255 Guisnensem
980 1223 1086 1254 cum
1119 1207 1275 1254 multis
1304 1206 1517 1254 soldariis

109 1289 285 1331 secrete
318 1290 514 1348 propter
544 1290 722 1332 metum
748 1284 1048 1348 Anglicorum
1080 1288 1330 1348 pergentes
1357 1285 1517 1331 Came-

107 1377 286 1418 racum,
325 1361 382 1408 ad
418 1361 772 1409 custodiendam
817 1377 899 1408 seu
945 1359 1303 1408 deffendendam
1338 1360 1511 1407 villam.

107 1436 176 1483 Hii
209 1436 421 1484 videntes
451 1437 684 1502 Anglicos‚
722 1437 879 1501 fugam
917 1436 1124 1500 aggressi
1161 1441 1268 1483 sunt
1301 1441 1347 1483 et
1381 1435 1515 1483 citius

106 1513 397 1561 intraverunt
423 1514 578 1561 villam
604 1513 928 1570 Hunecurtis4‚
959 1530 1050 1576 que
1077 1512 1188 1560 satis
1219 1529 1369 1576 prope
1394 1518 1510 1570 erat,

106 1591 308 1655 Anglicis
334 1608 473 1639 cursu
499 1591 637 1638 celeri
663 1591 791 1655 ipsos
816 1589 1186 1653 insequentibus,

152 1715 185 1750 1.
209 1714 459 1761 Beaurevoir,
482 1715 620 1760 Aisne,
647 1714 977 1750 arrondissement
1004 1713 1049 1748 de
1075 1712 1395 1759 Saint-Quentin,
1419 1723 1513 1748 can-

107 1777 174 1809 ton
195 1772 244 1808 du
266 1773 426 1809 Catelet.

152 1832 187 1869 2.
209 1832 262 1868 Le
282 1833 327 1869 ‘25
350 1832 581 1879 septembre,
604 1832 630 1867 il
650 1844 674 1879 y
689 1836 753 1868 eut
768 1831 834 1868 des
848 1835 1022 1867 montres
1040 1830 1195 1877 passees
1210 1840 1259 1865 en
1273 1830 1351 1865 tres
1369 1828 1513 1876 grande

106 1890 282 1938 quantite
310 1890 332 1925 ἐι
358 1889 607 1937 Compiegne.
630 1891 683 1926 Le
708 1890 768 1935 26,
795 1901 844 1926 on
866 1900 915 1925 en
936 1893 1143 1925 rencontre
1164 1887 1229 1934 qui
1251 1892 1338 1923 sont
1359 1886 1469 1922 faites
1490 1887 1512 1921 a.

107 1947 420 1991 Saint-Quentin.
444 1947 552 1983 Dans
580 1948 635 1984 les
660 1947 846 1994 premiers
868 1946 976 1993 jours
996 1945 1188 1982 d’octobre
1209 1950 1247 1981 et
1268 1956 1317 1980 en
1337 1944 1509 1991 particu-

106 2006 176 2042 lier
202 2007 237 2042 le
265 2006 285 2042 2
315 2007 483 2052 octobre,
514 2018 565 2043 on
584 2007 663 2043 voit
690 2006 783 2042 faire
810 2011 962 2042 montre
992 2005 1014 2040 a
1039 2005 1194 2051 Noyon,
1222 2003 1244 2038 ἐι
1268 2003 1446 2039 Peronne
1475 2008 1512 2039 et

106 2070 256 2102 surtout
276 2065 298 2101 a
320 2065 627 2109 Saint-Quentin
645 2065 798 2113 jusqu'a
820 2065 855 2100 la
875 2065 929 2099 fin
950 2063 998 2099 du
1020 2063 1117 2099 mois
1139 2062 1331 2098 d'octobre
1356 2061 1460 2098 1339.

153 2123 186 2159 3.
208 2123 420 2170 Bapaume,
449 2123 756 2170 Pas-de-CalaiS,
778 2122 1109 2159 arrondissement
1136 2118 1308 2166 d⁷Arras,
1332 2119 1513 2156 chef-lieu

105 2181 151 2218 de
174 2187 330 2219 canton.

151 2242 185 2277 4.
208 2241 260 2277 Le
283 2242 324 2277 14
344 2242 558 2288 septembre
581 2241 685 2287 1339,
707 2252 783 2277 une
804 2241 1002 2288 quittance
1024 2239 1117 2275 etait
1138 2239 1304 2275 delivree
1326 2249 1395 2285 par
1416 2237 1512 2273 Thi-

104 2300 197 2337 baut
217 2300 262 2336 de
283 2300 459 2346 Moreuil,
490 2300 564 2336 sire
592 2300 657 2337 des
679 2300 904 2346 Fontaines,
934 2311 981 2335 au
1009 2298 1147 2334 maitre
1173 2298 1238 2334 des
1266 2297 1511 2333 arbaletriers

107 2374 122 2394 «
145 2371 242 2407 pour
262 2360 316 2394 les
337 2360 525 2407 hovrages
540 2360 585 2396 de
601 2360 854 2396 Honnecourt
870 2358 934 2406 qui
949 2363 1035 2394 sont
1051 2358 1072 2393 a
1088 2357 1225 2394 refaire
1240 2357 1286 2393 de
1301 2362 1471 2404 present.
1492 2370 1508 2390 »

106 2417 219 2463 (Bibl.
254 2421 350 2461 nat.,
377 2416 500 2453 Titres
533 2417 669 2453 scelles
701 2417 746 2452 de
779 2416 1077 2462 Clairambault,
1104 2415 1180 2452 vol.
1209 2416 1273 2462 78,
1301 2415 1364 2451 fol.
1389 2415 1508 2459 6125.)

104 2475 224 2513 Outre
244 2476 432 2523 l'abbaye,
454 2476 480 2511 il
500 2488 525 2523 y
546 2476 649 2513 avait
671 2487 761 2512 sans
787 2476 901 2511 doute
929 2486 981 2510 un
1009 2474 1171 2511 chateau
1198 2474 1220 2510 ἐι
1240 2474 1510 2520 Honnecourt,

103 2535 346 2583 qu'occupait
372 2546 421 2570 en
444 2535 532 2571 1338
554 2535 743 2582 Regnaud
770 2534 1061 2570 d'Honnecourt
1089 2544 1183 2570 avec
1210 2534 1252 2570 18
1284 2534 1446 2580 ecuyers
1473 2537 1511 2568 et

105 2593 171 2629 130
188 2598 374 2640 sergents.
394 2592 505 2637 (Bibl.
524 2598 619 2639 nat.,
636 2592 840 2629 collection
856 2592 1061 2639 Decamps,
1081 2592 1155 2628 vol.
1179 2591 1237 2637 83,
1261 2591 1324 2627 fol.
1349 2590 1415 2626 229
1438 2593 1506 2636 v0.)

102 2651 223 2688 Notre
245 2651 455 2698 chronique
476 2661 524 2687 ne
551 2651 678 2687 donne
706 2662 773 2697 pas
803 2651 839 2686 la
865 2651 991 2686 meme
1014 2650 1170 2687 version
1197 2660 1271 2697 que
1297 2649 1507 2694 Froissart,

103 2710 167 2758 qui
200 2710 365 2746 attribue
395 2710 539 2747 l’echec
571 2709 637 2745 des
667 2708 830 2757 Anglais
856 2710 997 2747 devant
1023 2709 1277 2746 Honn-ecourt
1305 2709 1327 2744 a
1355 2709 1391 2743 la
1418 2708 1506 2744 bra-

102 2780 220 2807 voure
241 2769 286 2806 de
306 2769 441 2806 l'abbe.
466 2770 684 2816 (Froissart,
706 2769 763 2806 ed.
788 2770 906 2817 Luce,
929 2775 955 2806 t.
980 2770 1010 2816 I,
1032 2782 1067 2816 p.
1092 2770 1293 2813 ccxxxvn.)
