1923 3358
323 256 363 291 14
599 256 967 290 CHRONOGRAPHIA
993 255 1144 287 REGUM
1169 253 1447 287 FRANCORUM.
1611 251 1716 299 [1329

321 335 570 398 quemdam
593 334 826 382 redditum
853 333 911 380 ad
937 332 1078 379 vitam
1099 348 1241 395 super
1263 332 1532 380 comitatum
1552 334 1718 381 Arthe-

321 411 374 457 sii
395 416 439 458 et
458 427 599 475 super
616 411 704 457 hoc
724 408 922 456 habebat
943 408 1118 456 litteras
1139 408 1358 472 sigillatas
1376 424 1548 472 magno
1569 408 1717 473 sigillo

320 488 501 535 comitis
537 486 752 535 Arthesii.
786 486 968 533 Prefato
1003 485 1178 549 quippe
1217 485 1448 550 burgense
1480 485 1714 544 defunctO,

318 566 438 613 dicta
463 565 704 612 domicella
726 570 906 612 tantum
924 564 1029 613 fecit
1045 564 1171 627 apud
1188 564 1385 612 heredes
1405 563 1532 628 quod
1548 563 1720 611 dictam

317 642 515 688 litteram
531 641 706 689 habuit.
727 641 899 689 Deinde
911 641 1017 688 fecit
1030 641 1169 688 scribi
1190 641 1248 688 de
1270 657 1393 688 novo
1412 641 1590 688 litteras
1609 656 1720 688 con-

316 717 513 765 tinentes
532 718 831 765 donationem
852 718 1016 782 prefati
1037 718 1299 774 comitatus,
1320 717 1577 765 secundum
1592 716 1720 781 quod

315 793 446 856 prius
469 799 642 841 tactum
672 800 758 841 est.
790 793 1111 851 Postmodum,
1146 794 1351 857 quodam
1383 793 1509 841 ferro
1538 793 1596 841 ad
1630 793 1719 840 hoc

315 875 472 932 aptato
508 870 707 917 scienter
744 887 967 934 separans
1002 887 1158 918 ceram
1188 889 1215 918 a
1246 887 1530 935 pergameno
1565 870 1719 918 littere

315 945 520 1009 antique,
536 954 803 994 remanente
822 948 1106 1012 integraliter
1118 947 1253 1012 sigilli
1270 947 1595 1011 impressione,
1611 962 1719 994 cum

314 1023 515 1085 quadam
534 1024 733 1071 cementi
755 1025 958 1071 manerie
981 1025 1151 1072 dictam
1178 1025 1534 1088 impressionem
1553 1023 1715 1072 resoli-

314 1098 440 1146 davit
456 1100 591 1146 novis
608 1100 790 1157 litteris,
812 1101 953 1148 modo
971 1117 1065 1164 quo
1082 1101 1319 1164 prioribus
1336 1101 1598 1149 adheserat.
1617 1102 1716 1157 Quo

314 1174 452 1231 facto,
480 1175 607 1222 venit
631 1175 689 1223 ad
714 1176 971 1224 Robertum
998 1176 1055 1223 de
1081 1177 1312 1233 Arthesio,
1337 1176 1497 1223 dicens
1522 1176 1563 1224 ei
1586 1175 1717 1240 ,quod

312 1250 457 1298 dictas
501 1252 676 1299 litteras
719 1253 959 1300 invenerat
997 1254 1042 1300 in
1083 1253 1288 1316 quodam
1325 1253 1473 1300 veteri
1518 1253 1718 1300 armario

313 1327 480 1376 domus
499 1345 580 1376 sue
599 1329 645 1375 in
666 1330 932 1387 Attrebato;
956 1330 1036 1393 qui
1056 1329 1222 1378 videns
1243 1330 1420 1378 litteras
1438 1330 1627 1394 gavisus
1647 1337 1719 1377 est

314 1404 446 1451 valde
465 1421 518 1451 ac
538 1405 654 1451 dixit
674 1405 713 1452 ei
737 1405 863 1468 quod
884 1422 1120 1469 nunquam
1141 1406 1228 1453 sibi
1250 1405 1471 1453 deficeret
1495 1424 1503 1453 :
1528 1406 1616 1453 hac
1634 1405 1720 1470 igi-

313 1485 388 1527 tur
410 1480 468 1527 de
488 1497 624 1529 causa
650 1481 776 1529 misit
795 1498 898 1529 eam
916 1482 975 1529 ad
1000 1481 1279 1530 morandum
1298 1482 1501 1530 Parisius
1519 1482 1719 1530 multum

313 1556 582 1605 honorifice.

377 1636 617 1682 Preterea¹
660 1635 893 1683 comitissa
933 1637 1156 1692 Arthesii,
1199 1654 1289 1700 que
1332 1637 1468 1685 valde
1510 1637 1718 1701 prudens

312 1714 428 1765 erat,
452 1710 603 1758 taliter
623 1711 900 1774 perquisivit
925 1712 1050 1774 quod
1076 1712 1237 1760 habuit
1261 1712 1481 1760 clericum
1508 1713 1587 1776 qui
1609 1729 1718 1777 pre—

310 1785 426 1832 fatas
458 1786 634 1834 litteras
665 1787 942 1850 scripserat,
972 1805 1112 1852 quem
1139 1789 1272 1836 duxit
1304 1789 1361 1836 ad
1392 1806 1570 1854 regem.
1599 1792 1718 1838 Con-

311 1862 461 1909 fessus
497 1870 567 1910 est
606 1869 761 1911 autem
806 1864 930 1912 idem
974 1865 1167 1913 clericus
1212 1866 1339 1929 quod
1379 1866 1620 1913 domicella
1659 1866 1716 1914 de

310 1937 500 1985 Divione
526 1939 699 1987 fecerat
719 1940 804 1988 sibi
826 1942 963 1989 scribi
988 1942 1215 2004 quasdam
1237 1943 1413 1990 litteras
1431 1943 1563 2000 tales,
1585 1943 1716 2007 quasi

312 2031 396 2077 per
421 2032 564 2063 unum
589 2034 762 2064 annum
783 2024 905 2065 ante.
929 2021 1123 2067 Ostense
1143 2026 1252 2067 sunt
1271 2020 1423 2067 eidem
1445 2020 1613 2077 littere,
1637 2020 1715 2084 qui

311 2091 427 2138 dixit
452 2109 529 2139 eas
556 2109 605 2140 se
630 2095 820 2157 propria
847 2111 985 2143 manu
1013 2096 1273 2159 scripsisse.

375 2169 605 2217 Mandavit
630 2171 784 2234 itaque
811 2189 894 2220 rex
919 2173 1161 2220 dominum
1186 2173 1443 2221 Robertum
1465 2173 1524 2222 de
1549 2173 1717 2222 Arthe-

313 2245 381 2292 sio
406 2263 459 2292 ac
481 2246 596 2293 dixit
623 2248 663 2294 ei
689 2249 815 2311 quod
843 2250 991 2297 littere
1018 2267 1116 2307 sue,
1141 2250 1396 2297 secundum
1420 2249 1546 2313 quod
1573 2250 1715 2297 infor-

313 2328 463 2368 matus
494 2329 615 2380 erat,
652 2341 742 2371 non
777 2332 931 2373 essent
962 2326 1082 2374 bone
1111 2333 1155 2374 et
1185 2327 1311 2390 quod
1343 2333 1546 2375 cessaret
1577 2345 1603 2375 a
1633 2344 1715 2375 sua

312 2398 586 2460 peticione?
623 2403 725 2463 Ipse
756 2410 910 2450 autem
938 2404 1180 2467 respondit
1213 2404 1340 2466 quod
1373 2405 1410 2451 si
1442 2405 1546 2468 quis
1579 2404 1714 2452 vellet

360 2555 392 2590 1.
415 2554 487 2590 Les
508 2556 666 2593 Grandes
683 2558 903 2602 Chroniques
924 2566 990 2596 ont
1011 2561 1131 2606 coupe
1153 2560 1235 2595 leur
1253 2560 1348 2596 recit
1362 2560 1385 2595 ἐι
1408 2566 1469 2597 cet
1489 2560 1640 2597 endroit
1660 2565 1712 2607 et,

314 2622 380 2657 par
409 2623 484 2648 uno
514 2620 644 2649 sutura
673 2615 917 2662 maladroito,
943 2617 1035 2653 l'ont
1066 2618 1238 2654 rattache
1268 2629 1344 2654 aux
1375 2618 1461 2654 faits
1489 2617 1534 2654 de
1561 2618 1711 2655 l'annee

318 2672 401 2707 1331
428 2678 466 2716 (t.
492 2673 539 2718 V,
561 2684 595 2719 p.
621 2674 715 2716 343).

363 2730 395 2765 ’2.
420 2731 494 2766 Sur
514 2738 618 2768 toute
641 2738 739 2768 cette
760 2734 890 2769 affaire
912 2735 993 2770 voir
1011 2738 1101 2771 Bibl.
1125 2738 1166 2772 (ΖΒ
1188 2731 1315 2772 l'Ecole
1334 2738 1392 2772 des
1412 2737 1552 2772 chartas
1575 2736 1710 2781 (annee

322 2789 420 2829 1857,
437 2796 462 2824 t.
484 2790 664 2836 XLVIII,
682 2803 716 2837 p.
736 2792 914 2836 (ilii-530),
932 2794 1141 2830 Guillaumc
1154 2797 1202 2829 du
1218 2797 1341 2830 [xz-cuit
1357 2800 1386 2830 c!
1401 2796 1524 2830 Hubert
1538 2794 1708 2830 d’Artoz's.
