1923 3358
97 329 200 376 1337]
370 332 742 365 CHRONOGRAPHIA
767 332 919 365 REGUM
944 331 1221 365 FRANCORUM.
1452 328 1495 364 35

94 414 238 460 frater
267 412 449 460 comitis
481 413 728 469 Guillelmi,
761 429 865 460 cum
893 411 1170 475 quibusdam
1203 410 1425 458 militibus
1450 416 1496 457 et

92 488 304 552 pluribus
334 489 432 536 aliis
463 489 508 535 in
535 488 746 552 Angliam
777 488 1104 544 transfretans,
1140 487 1283 534 adivit
1313 487 1497 535 Londo-

91 566 216 613 niam
247 566 400 613 visum
433 565 640 629 reginam
673 565 852 628 Anglie,
889 571 1078 627 neptem
1115 581 1263 622 suam,
1300 581 1497 613 uxorem

90 642 216 706 regis
250 640 518 697 Edowardi,
554 640 697 686 filiam
728 640 946 687 videlicet
977 640 1160 687 comitis
1193 641 1420 689 Guillelmi
1453 647 1498 689 et

93 718 151 766 de
184 735 346 766 sorore
386 723 572 781 neptem
611 717 736 782 regis
773 716 989 781 Philippi.
1030 720 1126 775 Que
1163 718 1353 781 quidem
1391 735 1499 766 cum

92 795 373 852 EdowardO,
404 795 573 842 marito
605 811 706 851 suo,
736 811 955 859 magnum
989 795 1169 842 vultum
1201 801 1247 842 et
1277 796 1499 843 honorifi-

92 890 197 921 cum
214 873 321 920 fecit
341 872 452 929 sibi3
475 877 521 919 et
540 878 647 935 post
666 872 799 935 plura
819 873 980 928 verba,
1002 872 1234 920 Robertus
1255 871 1313 919 de
1333 874 1498 921 Arthe-

92 948 161 996 sio
189 949 296 996 illuc
327 948 569 1004 assistens,
600 948 905 1013 interrogavit
937 965 1043 995 eum
1076 948 1134 995 de
1166 964 1314 996 uxore
1345 965 1426 996 sua
1455 956 1501 997 et

91 1026 195 1073 filiis
213 1032 258 1073 et
278 1026 476 1090 qualiter
494 1043 577 1074 rex
604 1026 795 1073 Francie
822 1043 902 1073 eos
928 1026 1173 1073 tractabat.
1200 1025 1284 1083 Qui
1305 1042 1500 1089 respon-

91 1104 158 1151 dit
183 1104 309 1167 quod
335 1120 419 1151 rex
445 1104 634 1152 Francie
659 1121 740 1151 eos
768 1104 975 1152 reclusos
1006 1103 1193 1151 tenebat
1220 1103 1264 1150 in
1293 1103 1499 1167 quodam

90 1186 243 1228 castro
268 1186 313 1228 et
339 1180 465 1244 quod
491 1197 578 1244 pro
606 1197 720 1228 vero
745 1180 934 1228 tenebat
960 1197 1040 1227 eos
1061 1196 1149 1243 pro
1169 1180 1358 1227 nuncin
1380 1183 1499 1226 Baro

90 1274 231 1320 super
251 1260 509 1321 Sequanam
530 1264 573 1305 et
595 1257 653 1305 de
674 1264 780 1321 post
806 1257 1072 1321 aliquandiu
1098 1274 1150 1305 ac
1177 1257 1317 1304 etiam
1342 1255 1498 1314 alibi13

90 1334 217 1397 quod
248 1351 355 1381 cum
389 1333 595 1381 audisset
627 1334 883 1390 Robertus,
920 1334 1077 1381 multis
1112 1333 1324 1397 suspiriis
1357 1332 1499 1380 corde

90 1411 317 1458 contritus
343 1416 390 1457 et
413 1411 533 1458 ultra
559 1410 752 1458 modum
778 1410 1027 1458 attcdiatus
1054 1415 1140 1457 est.

154 1489 252 1534 Rex
282 1502 470 1548 quoque
500 1486 680 1550 Anglie,
711 1485 768 1532 ad
801 1486 1127 1533 honorandum
1159 1486 1415 1535 Johannem
1440 1485 1499 1533 de

89 1563 312 1620 Hanonia,
342 1563 447 1610 fecit
472 1563 574 1611 fieri
601 1579 822 1628 magnum
848 1563 1018 1611 festum
1044 1564 1168 1628 apud
1190 1564 1494 1621 Londoniam,

89 1640 169 1688 ubi
193 1640 423 1688 affuerunt
453 1640 705 1704 principes,
737 1640 920 1704 prelati,
950 1640 1119 1687 milites
1147 1645 1193 1687 et
1218 1640 1426 1688 militisse
1452 1641 1498 1688 in

137 1813 169 1848 1.
192 1812 246 1849 Le
269 1811 543 1848 continuateur
569 1812 615 1848 de
644 1811 865 1848 Guillaume
893 1811 938 1848 de
967 1812 1114 1859 Nangis
1139 1817 1181 1854 (t.
1203 1811 1255 1857 Π,
1277 1823 1313 1858 p.
1338 1812 1420 1858 14⁶2)
1443 1811 1498 1849 dit

89 1881 161 1917 que
181 1870 218 1905 la
238 1870 378 1905 femme
398 1869 443 1905 de
467 1869 613 1906 Robert
639 1868 810 1906 d’Artois
837 1869 891 1906 fut
918 1870 1112 1906 enfermee
1139 1870 1161 1905 a
1189 1869 1342 1906 Chinon
1363 1875 1400 1906 et
1421 1881 1494 1917 que

89 1939 150 1964 ses
171 1927 324 1964 enfants
345 1928 473 1965 furent
489 1927 666 1965 conduits
688 1928 709 1963 a
730 1928 934 1964 Nemours.
953 1928 1007 1964 Cf.
1025 1930 1214 1964 Memoz'res
1226 1939 1323 1973 pour
1336 1931 1455 1964 servir
1470 1930 1493 1964 ὰ

91 1989 266 2023 l'histoire
281 1989 322 2023 de
335 1989 462 2024 Robert
481 1988 638 2023 d’Artois
657 1988 855 2032 (Mamoz'res
870 1989 911 2022 de
926 1990 1133 2023 litterature
1149 1990 1239 2022 tire:
1254 1989 1312 2022 des
1327 1990 1497 2032 reqz'stres

89 2047 131 2082 de
151 2045 366 2082 l’Acade'mie
391 2049 517 2092 royale
542 2048 600 2082 des
626 2049 864 2091 inscriptions
890 2050 923 2082 et
949 2048 1208 2090 belles-lettres,
1235 2047 1360 2082 annee
1390 2047 1494 2092 1736,

90 2110 118 2141 t.
140 2105 193 2150 X,
215 2117 250 2152 p.
274 2105 341 2142 630
361 2111 399 2141 et
419 2105 500 2146 631)
517 2108 566 2142 ou
587 2106 772 2142 Lancelot
792 2105 952 2152 pretend
967 2117 1040 2153 que
1059 2105 1209 2142 ceux-ci
1225 2105 1352 2141 surent
1368 2110 1498 2141 trans-

91 2164 191 2200 feres
223 2175 271 2199 au
302 2164 689 2207 Chateau-Gaillard;
719 2165 811 2201 c’est
840 2165 944 2200 aussi
972 2165 1008 2200 la
1029 2165 1183 2200 version
1213 2175 1286 2211 que
1313 2163 1440 2200 donne
1461 2165 1498 2200 la

92 2223 298 2267 Chronique
318 2224 375 2258 des
395 2227 524 2268 quatre
541 2225 720 2268 premiers
749 2224 862 2258 Valoz's
883 2224 931 2269 (p.
954 2222 1000 2263 2).
1025 2221 1150 2267 Voici,
1173 2223 1397 2268 empruntes
1419 2233 1495 2258 aux

87 2281 282 2328 journaux
310 2281 358 2316 du
387 2282 526 2318 Tresor
554 2281 599 2318 de
630 2281 800 2328 Philippe
828 2281 900 2327 VI,
926 2280 1018 2317 dont
1048 2281 1099 2316 M.
1123 2281 1242 2316 Viard
1271 2282 1431 2328 prepare
1461 2282 1497 2317 la

91 2340 343 2387 publication,
369 2340 469 2376 deux
498 2341 833 2388 renseignemeuts
855 2340 919 2387 qui
942 2345 1179 2376 concernent
1201 2340 1255 2375 les
1277 2340 1429 2376 enfants
1450 2340 1496 2376 de

93 2398 239 2435 Robert
266 2398 436 2434 d‘Artois
468 2412 474 2434 :
500 2399 534 2444 (a
561 2399 597 2434 la
624 2398 709 2435 date
731 2399 780 2434 du
803 2399 845 2435 ‘27
868 2399 957 2434 aout
980 2398 1082 2439 1349)
1115 2412 1130 2431 «
1158 2398 1298 2434 Petrus
1323 2397 1495 2446 Anglici,

95 2458 377 2494 «examinator
410 2457 605 2494 Castelleti
638 2458 917 2494 ParisiensiS...
954 2463 990 2493 et
1022 2458 1150 2503 plures
1183 2458 1247 2493 alii
1282 2459 1495 2494 servientes

96 2517 282 2564 «equites
315 2516 406 2552 dicti
435 2516 646 2563 Castelleti,
674 2517 845 2564 deputati
871 2528 938 2563 per
967 2517 1203 2563 prepositum
1234 2517 1495 2553 Parisiensem

96 2590 111 2610 «
135 2576 180 2612 de
208 2582 386 2622 precepto
414 2576 531 2623 Regis
561 2576 605 2611 ad
634 2576 929 2612 custodiendum
960 2576 1099 2612 liberos
1128 2575 1424 2613 Attrebatenses
1452 2577 1492 2612 in

97 2650 111 2669 «
134 2636 305 2672 manerio
326 2635 428 2671 beati
451 2635 608 2670 Martini
629 2635 673 2671 de
695 2634 847 2682 Campis
868 2635 978 2682 juxta
999 2635 1170 2671 Parisius
1191 2636 1452 2673 existentes...
1478 2650 1493 2670 »

97 2695 131 2741 (a
155 2696 191 2731 la
219 2695 304 2731 date
326 2694 375 2730 du
395 2695 439 2730 27
461 2705 564 2729 mars
589 2695 692 2739 1349,
714 2706 752 2730 n.
777 2697 839 2739 st.)
865 2708 881 2728 «
903 2694 1083 2731 Galterus
1104 2695 1149 2731 de
1178 2695 1290 2742 Rivo,
1313 2696 1494 2743 armiger,

99 2769 114 2789 α
137 2759 267 2792 custos
301 2760 338 2791 et
373 2753 606 2802 gubernator
639 2754 849 2790 liberorum
881 2753 1054 2791 defuncti
1083 2754 1228 2791 domini
1260 2755 1419 2792 Roberti
1450 2755 1496 2792 de

100 2826 114 2848 α
138 2812 335 2861 Arthesio,
357 2813 537 2849 militis...
569 2827 585 2846 »
