1923 3358
97 278 201 324 1340]
374 281 746 314 CHRONOGRAPHIA
772 282 925 315 REGUM
951 282 1230 315 FRANCORUM.
1457 282 1499 317 97

91 368 163 408 tra
189 361 401 409 Gallicos.
431 362 837 410 Conestabularius
865 379 1071 426 quoque,
1100 362 1258 410 habito
1290 363 1498 420 consilio,

91 454 333 502 regressus
360 444 432 486 est
457 443 733 486 Tornacum.
760 440 983 504 Flamingi
1009 440 1077 487 ira
1104 440 1330 496 succensi,
1357 441 1502 488 eciam

90 515 268 562 reversi
291 516 638 572 Audenardam,
667 515 896 563 miserunt
924 516 1196 564 Gandavum
1222 517 1302 580 qui
1327 516 1503 565 diceret

88 591 261 639 Jacobo
296 591 354 639 de
389 592 654 639 Arthevella
693 609 783 654 que
820 592 1025 639 fecerant
1060 593 1242 650 Gallici3
1281 593 1378 656 qui,
1415 594 1503 640 hoc

88 667 270 722 audito,
312 668 440 715 venit
477 668 535 715 ad
577 668 818 715 abbaciam
855 669 1007 716 Sancti
1048 670 1248 717 Bavonis
1288 671 1365 718 ubi
1404 676 1504 718 erat

87 744 246 809 regina
270 745 449 808 Anglie,
474 750 572 792 tres
596 744 795 792 infantes
819 744 936 809 ejus,
961 745 1155 793 comites
1181 746 1503 794 saresberien-

88 819 151 867 sis
177 826 223 867 et
248 819 436 877 Suffoci,
465 819 562 867 dux
587 819 858 877 Brabancie,
890 819 1096 867 marchio
1125 820 1305 878 Julioci,
1334 822 1503 870 Johan-

87 914 170 945 nes
203 897 262 944 de
295 897 503 945 Hanonia
539 903 585 944 et
620 914 769 961 nepos
806 897 928 961 erS,
969 914 1126 945 comes
1160 899 1391 956 Hanonie,
1429 900 1501 948 cui

85 975 191 1022 talia
216 975 361 1022 verba
387 975 581 1038 protulit
606 993 615 1021 :
647 995 666 1020 <t
692 979 823 1023 Nunc
846 981 1043 1039 apparet
1069 976 1196 1039 quod
1223 977 1503 1039 proditionis

91 1072 111 1097 «
144 1069 281 1101 causa
325 1053 415 1101 huc
455 1054 759 1111 adveneritis,
802 1054 1023 1118 quoniam
1063 1053 1177 1101 dum
1216 1054 1292 1102 hic
1330 1054 1498 1112 fuistis,

90 1148 110 1174 c<
143 1130 299 1179 Gallici
342 1130 701 1179 combusserunt
745 1131 944 1195 patriam
990 1131 1219 1179 Flandrie.
1271 1152 1291 1176 »
1337 1134 1502 1180 Comes

85 1224 199 1255 vero
226 1208 424 1256 multum
451 1225 501 1256 se
525 1209 766 1256 excusavit
790 1209 848 1256 de
873 1208 1142 1257 traditione.

152 1285 430 1333 Conclusum
463 1290 533 1333 est
565 1291 720 1333 autem
753 1303 839 1349 per
869 1285 1094 1334 Jacobum
1128 1285 1186 1333 de
1215 1286 1498 1345 Arthevella,

85 1361 130 1408 in
165 1361 371 1425 quodam
408 1362 599 1409 consilio
635 1379 776 1427 super
810 1363 898 1410 hoc
932 1363 1108 1420 habito,
1146 1363 1272 1426 quod
1308 1363 1501 1426 quilibet

88 1454 252 1486 eorum
288 1455 395 1486 cum
430 1445 528 1486 tota
564 1456 646 1487 sua
682 1445 911 1503 potestate
947 1440 991 1487 in
1024 1440 1280 1488 vindictam
1314 1441 1501 1504 predic-

84 1520 241 1562 torum
271 1515 453 1562 veniret
488 1515 547 1562 ad
581 1515 888 1562 obsidendam
924 1516 1158 1563 civitatem
1190 1517 1401 1564 Tornaci.
1437 1521 1500 1566 Ea

83 1599 282 1657 propter
314 1594 634 1657 unusquisque
668 1610 832 1642 eorum
868 1594 981 1642 abiit
1015 1595 1073 1642 ad
1106 1601 1266 1658 partes
1301 1613 1408 1643 suas
1441 1597 1498 1644 ad

83 1670 438 1735 congregandos
466 1671 679 1718 homines
706 1688 947 1719 armorum
975 1672 1154 1719 ratione
1179 1672 1406 1736 predicta.

147 1752 204 1796 Et
228 1749 427 1796 Jacobus
453 1748 512 1795 de
539 1749 772 1796 Artevella
807 1749 853 1795 in
880 1748 1067 1796 modico
1092 1749 1322 1813 temporis
1349 1750 1499 1813 spatio

83 1825 385 1889 congregavit
417 1825 681 1889 Flamingos
714 1841 863 1889 usque
895 1825 954 1872 ad
987 1842 1237 1873 numerum
1271 1826 1501 1891 quinqua-

81 1900 210 1964 ginta
229 1900 409 1948 milium
428 1907 719 1949 armatorum
732 1901 768 1958 13
789 1918 895 1949 cum
918 1902 1087 1966 quibus
1108 1903 1358 1967 Flamingis
1378 1904 1499 1950 facto

82 1976 332 2040 colloquio,
362 1978 489 2026 misit
513 1982 772 2026 Tornacum
805 1979 924 2026 duos
956 1983 1141 2027 Fratres
1166 1979 1383 2032 Minores,
1413 1997 1499 2043 per

82 2070 201 2117 quos
222 2054 460 2102 mandavit
480 2055 568 2103 illis
588 2055 646 2102 de
668 2055 855 2103 civitate
877 2056 1209 2103 diffidenciam.
1235 2060 1335 2114 Quo
1356 2056 1494 2114 facto,

83 2132 398 2179 Tornacenses
424 2131 766 2179 mandaverunt
791 2132 1039 2196 Flamingis
1066 2149 1151 2195 per
1177 2132 1328 2180 dictos
1353 2133 1499 2180 Mino-

80 2223 158 2254 res
185 2207 312 2270 quod
338 2208 457 2256 bene
484 2215 726 2256 servarent
750 2209 908 2255 villam
938 2225 1068 2255 suam
1099 2215 1263 2256 contra
1290 2215 1499 2273 potesta-

80 2290 178 2332 tem
199 2285 411 2348 ipsorum
432 2292 478 2332 et
499 2285 626 2349 quod
644 2286 1037 2349 quandocumque
1054 2302 1137 2333 rex
1152 2286 1343 2334 Francie
1361 2287 1497 2334 vellet

81 2378 278 2426 gravare
311 2362 521 2410 inimicos
553 2380 679 2420 suos,
715 2369 875 2426 portas
908 2380 1014 2410 suas
1045 2364 1281 2426 aperirent
1313 2370 1359 2411 et
1390 2380 1497 2412 cum

80 2438 268 2485 Francis
308 2445 560 2502 pergerent
598 2456 897 2502 quocumque
937 2456 1022 2486 rex
1058 2440 1248 2487 Francie
1284 2440 1495 2505 injunge-

84 2521 173 2572 ret,
213 2521 258 2562 et
300 2516 534 2563 servirent
570 2517 611 2564 ei
653 2523 877 2579 tanquam
916 2516 1106 2564 domino
1145 2534 1230 2565 suo
1270 2519 1494 2575 naturali;

83 2592 358 2655 nunciisque
411 2592 663 2656 regressis,
725 2608 1007 2655 responsum
1067 2593 1316 2659 Flamingis
1370 2594 1496 2642 defe-

133 2723 166 2758 1.
191 2721 356 2759 Suivant
382 2721 575 2758 Froissart
605 2721 679 2767 (ed.
704 2722 823 2768 Luce,
845 2728 872 2758 t.
898 2722 931 2768 I,
952 2734 988 2769 p.
1012 2728 1133 2770 comi),
1153 2724 1322 2771 Jaeqnes
1343 2723 1495 2761 d'Arte-

87 2779 195 2816 velde
217 2780 424 2827 s'engagea
444 2780 464 2816 a
486 2780 635 2816 fournir
656 2792 709 2816 un
731 2780 959 2828 contingent
980 2781 1025 2819 de
1047 2782 1178 2829 60,000
1199 2782 1388 2818 hommes.

228 2849 258 2880 11
1334 2850 1352 2884 7
