1923 3358
144 268 248 316 1378]
420 273 789 307 CHRONOGRAPHIA
815 275 967 307 REGUM
992 272 1270 307 FRANCORUM.
1478 271 1543 307 365

206 353 362 401 Dictus
389 353 739 401 Bartholomeus
765 354 812 400 in
837 357 983 402 Roma
1002 353 1240 410 remansit,
1269 352 1348 400 ubi
1371 353 1543 401 multos

139 430 495 477 anticardinales
532 431 725 486 creavit,
761 430 875 477 xxix
912 447 1127 487 numero,
1169 447 1228 477 ex
1266 446 1360 493 quo
1397 431 1545 477 maxi-

137 523 268 554 mum
293 507 476 563 scisma,
507 507 642 569 quale
669 513 774 554 ante
800 523 890 554 non
917 507 1084 565 fuerat,
1110 512 1181 554 est
1202 507 1246 553 in
1274 506 1474 553 Ecclesia
1499 512 1546 553 et

137 590 235 631 tota
255 584 595 631 Christianitate
614 589 907 648 generatum,
933 584 1041 647 quia
1058 584 1199 647 aliqui
1220 583 1445 631 adherent
1468 584 1545 631 uni

137 666 185 707 et
209 660 283 706 alii
313 660 467 717 alteri,
497 660 624 707 tercii
661 660 836 716 neutri,
873 660 1022 723 quarti
1052 659 1267 707 mandata
1302 659 1546 723 utriusque

136 736 368 800 recipiunt
393 753 402 783 :
433 735 560 799 quod
580 736 766 799 qualem
786 737 930 784 finem
951 736 1161 799 recipiet,
1193 736 1343 784 adhuc
1363 741 1435 784 est
1457 736 1544 783 sub

137 813 297 861 divino
319 812 491 877 judicio
517 813 908 876 impendendum¹
931 814 939 859 Ξ

201 892 566 953 Verumptamen
590 889 714 936 solus
741 889 934 937 recessit
953 889 1012 937 de
1032 892 1178 937 Roma
1198 890 1376 953 absque
1397 889 1546 937 cardi-

137 965 245 1024 nali,
276 966 383 1030 quia
418 982 580 1013 omnes
606 966 930 1013 citramontani
969 972 1102 1014 erant
1126 966 1224 1031 jam
1257 966 1304 1013 in
1339 966 1547 1031 Agnania

135 1050 242 1091 ante
277 1061 413 1092 suum
447 1061 687 1092 recessum
723 1050 769 1092 et
806 1045 1000 1093 recessit
1035 1046 1093 1093 de
1127 1048 1275 1093 Roma
1308 1045 1355 1092 in
1391 1044 1547 1109 vigilia

134 1121 257 1169 beati
294 1121 516 1170 Johannis
556 1121 762 1184 Baptiste
805 1128 852 1169 et
890 1122 974 1168 ivit
1013 1121 1252 1169 Tiburtine
1293 1121 1371 1168 ubi
1418 1121 1546 1168 stetit

132 1214 282 1261 usque
309 1203 417 1261 post
437 1197 609 1245 festum
634 1197 769 1245 beate
791 1198 930 1246 Marie
953 1197 1253 1262 septembris.
1283 1201 1338 1245 Et
1358 1213 1413 1244 eo
1434 1203 1545 1244 tunc

133 1280 267 1321 erant
301 1274 347 1320 in
383 1277 529 1321 Roma
564 1274 697 1339 xvjcim
736 1274 996 1322 cardinales
1037 1275 1280 1331 numero2‚
1330 1273 1547 1321 videlicet

131 1351 492 1403 Lemovicensis,
520 1351 859 1408 Glandatensis,
881 1351 1215 1408 Gebennensis,
1239 1351 1542 1407 Pictavensis‚

133 1428 192 1476 de
221 1428 463 1492 Agrifolio,
493 1428 792 1485 Vivariensis,
835 1428 1308 1492 Majorismonasterii,
1348 1427 1406 1474 de
1443 1427 1546 1474 Bri-

130 1505 304 1562 tannia,
335 1505 489 1552 Sancti
515 1505 763 1561 Eustachii,
793 1506 945 1553 Sancti
972 1506 1152 1570 Angeli,
1184 1505 1242 1552 de
1262 1509 1390 1552 Luna
1409 1510 1455 1551 et
1485 1503 1543 1550 de

131 1581 352 1638 Verhnio,
370 1581 696 1628 citramontani
711 1600 722 1639 3
740 1598 919 1629 necnon
940 1582 1206 1629 Florencius
1221 1581 1346 1645 (sic),
1367 1580 1541 1629 Medio-

130 1658 350 1716 lanensis,
386 1658 553 1715 Italici3
588 1659 740 1706 Sancti
770 1659 892 1706 Petri
924 1665 971 1706 et
1004 1658 1062 1705 de
1088 1658 1286 1715 Ursinis,
1317 1657 1540 1713 Romani;

131 1735 209 1798 qui
231 1751 338 1782 cum
358 1734 484 1782 dicto
505 1738 628 1798 Papa
646 1735 870 1800 Gregorio
888 1741 1103 1798 tempore
1121 1735 1190 1783 sui
1209 1735 1366 1782 obitus
1386 1739 1537 1782 erant.

195 1811 449 1859 Cardinalis
480 1828 595 1859 vero
625 1812 950 1860 Ambianensis
974 1829 1068 1859 non
1102 1818 1199 1859 erat
1230 1812 1277 1858 in
1308 1811 1432 1860 Urbe
1464 1811 1542 1858 illo

130 1892 361 1951 tempore,
386 1888 493 1950 quia
520 1888 599 1935 diu
623 1894 729 1936 ante
754 1889 926 1936 missus
951 1889 1103 1936 fuerat
1128 1889 1307 1952 legatus
1333 1903 1420 1951 per
1445 1886 1542 1934 dic-

130 1969 230 2011 tum
256 1967 430 2028 Papam
455 1965 732 2029 Gregorium
761 1982 850 2028 pro
872 1982 987 2029 pace
1013 1965 1215 2013 Ecclesie
1242 1971 1289 2012 et
1315 1964 1542 2012 Florenti-

130 2057 318 2098 norum,
362 2041 697 2089 Perusinorum
741 2049 787 2089 et
824 2042 1021 2089 aliorum
1066 2042 1123 2089 de
1165 2041 1320 2105 lingua
1362 2041 1540 2088 Ythalie

130 2118 355 2177 facienda,
379 2135 581 2167 unacum
603 2119 795 2167 domino
822 2120 1018 2176 Othone,
1049 2119 1166 2167 duce
1191 2118 1537 2175 Bruiswicensi,

133 2288 148 2308 «
172 2285 351 2311 remaron
372 2286 395 2311 a
415 2276 541 2313 Roma
561 2287 610 2312 au
632 2276 667 2312 lo
689 2276 795 2322 Papa
817 2275 985 2322 permier
1009 2275 1139 2322 elegit,
1161 2274 1267 2321 Papa
1290 2274 1423 2312 Urban
1449 2273 1500 2311 VI
1521 2289 1537 2308 »

132 2336 250 2380 (Mica,
274 2336 338 2372 fol.
363 2337 405 2372 14
429 2339 491 2381 r0).

178 2395 210 2430 1.
234 2394 286 2431 Ge
312 2406 473 2443 passage
498 2407 642 2442 prouve
673 2406 746 2443 que
773 2396 810 2431 la
837 2396 1143 2440 Chronoyraphia
1170 2406 1218 2431 ne
1239 2402 1330 2442 peut
1351 2394 1459 2431 avoir
1480 2395 1540 2430 ete

129 2452 282 2500 redigee
311 2455 421 2501 apres
451 2455 485 2491 le
514 2455 558 2491 26
584 2454 710 2501 juillet
741 2454 843 2500 1429,
875 2453 961 2489 date
990 2454 1012 2489 ἐι
1042 2453 1205 2501 laquelle
1237 2453 1416 2490 Clement
1443 2453 1541 2488 VIII

129 2521 301 2560 renonca
320 2523 368 2547 au
389 2512 604 2559 pontificat,
625 2513 670 2549 de
692 2519 793 2549 sorte
815 2524 888 2560 que
910 2511 1053 2548 Martin
1069 2512 1104 2547 V
1119 2512 1303 2561 demeura
1324 2512 1407 2548 seul
1427 2522 1537 2559 pape.

175 2570 210 2606 2.
235 2584 251 2604 «
273 2571 364 2606 Istis
383 2571 508 2617 factis,
529 2571 724 2618 predictus
747 2572 851 2619 Papa
875 2571 1035 2608 recessit
1061 2571 1107 2607 de
1135 2571 1280 2608 Sancto
1302 2571 1419 2607 Petro
1448 2581 1539 2606 cum

132 2643 149 2663 «
171 2641 218 2666 xv
238 2630 541 2667 cardinalibus...
568 2645 582 2665 »
608 2631 719 2676 (Bibl.
749 2637 846 2677 nat„
875 2631 984 2667 fonds
1014 2631 1137 2680 franc.
1167 2632 1272 2677 5728,
1303 2631 1369 2667 fol.
1402 2631 1445 2666 14
1474 2632 1537 2676 r0).

128 2689 189 2725 En
210 2689 290 2736 fait,
312 2689 338 2725 il
358 2702 383 2737 y
398 2695 477 2737 eut,
500 2701 651 2726 comme
672 2690 706 2726 le
727 2690 780 2726 dit
802 2690 838 2726 la
859 2692 1178 2737 Chronoqraphia,
1202 2691 1301 2726 seize
1323 2688 1536 2726 cardinaux

130 2759 179 2785 au
201 2748 385 2786 conclave
407 2749 466 2796 (cf.
484 2749 581 2786 Noel
600 2749 743 2796 Valois,
766 2741 953 2786 l'Election
973 2752 1149 2786 d'Urbaz'n
1170 2751 1269 2794 VI...‚
1297 2760 1333 2796 p.
1350 2749 1393 2785 23
1410 2754 1447 2785 et
1462 2747 1534 2796 24).
