1923 3358
437 296 806 330 CHRONOGRAPHIA
832 298 984 331 REGUM
1008 299 1286 332 FRANCORUM.
1492 297 1554 334 381

156 391 242 438 per
257 376 507 439 quamdam
521 383 706 440 portam
723 378 1029 426 vociferantes
1045 379 1361 437 Redonenses‚
1385 379 1559 427 habue-

156 458 265 499 runt
290 469 460 515 porcos
482 454 796 517 Anglicorum.
826 455 1111 503 Bertrandus
1135 472 1250 503 vero
1275 456 1408 504 etatis
1430 462 1558 503 octo-

155 527 305 575 decim
330 545 574 584 annorum,
603 535 713 576 tunc
741 530 868 577 venit
897 531 955 578 ad
976 532 1233 579 exercitum
1257 533 1556 597 Anglicorum

154 609 200 652 et
226 605 269 651 in
297 605 511 652 curribus
537 606 679 652 multa
705 606 919 653 victualia
952 607 1085 655 duxit
1117 608 1337 666 Redonis,
1367 609 1444 656 ubi
1471 609 1557 656 fuit

154 697 321 746 magna
361 698 467 729 cum
507 682 655 729 leticia
696 688 930 746 receptus,
976 684 1081 747 quia
1121 685 1422 733 Redonenses
1463 702 1555 733 non

152 757 384 805 habebant
410 757 652 822 quitquam
680 759 739 807 ad
761 759 1032 808 vivendum.

216 834 500 882 Bertrandus
526 835 637 882 abiit
666 852 752 899 per
778 836 957 884 salvum
990 838 1272 886 conductum
1298 840 1357 888 ad
1391 839 1555 887 ducem

151 911 538 960 Lincestrensem.
585 915 816 978 Cognatus
866 915 1055 977 quidam
1100 916 1157 963 de
1202 917 1448 964 Brambort
1494 918 1556 965 ibi

151 988 373 1046 existens,
409 990 561 1037 eidem
594 991 837 1053 requisivit
868 998 965 1038 tres
992 1009 1074 1039 seu
1105 992 1200 1056 iiijor
1232 993 1350 1040 ictus
1376 994 1556 1041 lancea-

150 1082 280 1123 rum3
305 1066 431 1129 quod
452 1084 537 1130 per
558 1084 663 1114 eum
686 1067 805 1115 illico
827 1067 914 1115 sibi
939 1074 1010 1115 est
1031 1085 1303 1116 concessum
1328 1087 1336 1116 :
1363 1087 1556 1134 campus

150 1142 233 1189 fuit
265 1143 505 1190 ordinatus
533 1150 578 1190 et
604 1144 661 1190 ad
693 1148 913 1206 quartum
943 1144 1084 1192 ictum
1109 1145 1280 1201 lancee,
1312 1145 1462 1193 dictus
1497 1147 1555 1194 de

149 1220 398 1267 Brambort
435 1226 657 1284 cognatus
693 1221 871 1267 occisus
907 1227 977 1267 est
1007 1226 1053 1267 et
1085 1227 1313 1269 mortuus.
1355 1226 1459 1269 Mox
1495 1222 1552 1269 ad

149 1295 436 1343 dextrarium
464 1296 749 1344 Bertrandus
776 1313 964 1344 manum
997 1314 1128 1344 suam
1153 1300 1341 1347 mittens
1366 1299 1550 1347 cuidam

148 1373 329 1420 hiraldo
355 1374 571 1436 protinus
596 1374 848 1421 liberaliter
874 1374 1002 1421 dedit
1029 1392 1081 1422 ac
1107 1375 1284 1423 tribuit.

213 1450 387 1515 Anglici
416 1451 625 1498 fecerunt
654 1467 798 1498 unum
822 1450 1071 1498 beffridum
1101 1452 1159 1499 ad
1191 1452 1405 1501 Redonas
1436 1453 1550 1501 assi-

147 1526 352 1574 liendum
383 1544 392 1574 :
422 1527 707 1591 Bertrandus
736 1527 891 1590 ipsum
922 1527 1177 1575 combussit
1211 1534 1257 1575 et
1293 1528 1549 1593 dampnum

146 1603 490 1667 permaximum
516 1604 718 1668 Anglicis
744 1604 911 1651 intulit.
942 1608 1043 1651 Dux
1070 1605 1401 1652 Lincestrensis
1423 1605 1550 1669 jura-

146 1686 279 1728 verat
313 1680 438 1743 quod
474 1680 531 1727 de
567 1680 809 1727 obsidione
850 1697 941 1727 non
981 1681 1220 1729 recederet
1260 1681 1409 1729 donec
1450 1682 1551 1745 ipse

146 1773 280 1805 suum
334 1757 621 1805 standarium
677 1773 819 1820 super
874 1773 1035 1804 muros
1082 1758 1212 1805 urbis
1262 1758 1550 1806 Redonensis

145 1834 395 1897 posuisset,
429 1833 555 1896 quod
591 1833 698 1896 quia
733 1834 776 1880 in
804 1833 967 1881 eadem
999 1850 1146 1897 pauca
1177 1841 1308 1881 erant
1336 1835 1549 1882 victualia

145 1911 478 1958 concordatum
499 1916 569 1957 est
594 1911 653 1967 ei,
678 1926 814 1957 suum
834 1911 994 1973 utique
1022 1911 1177 1973 posuit
1197 1911 1483 1958 standarium
1503 1918 1549 1959 et

145 1988 336 2036 recessit
361 1986 652 2035 obsidionem
679 2003 810 2034 suam
836 1987 1079 2034 solvendo.
1104 1988 1300 2035 Karolus
1321 1988 1379 2035 de
1405 1988 1549 2037 Blesis

144 2064 454 2113 Bertrandum
481 2081 655 2112 novum
681 2064 876 2110 militem
903 2064 1026 2111 fecit.

209 2145 311 2190 Dux
346 2141 703 2198 Lincestrensis,
751 2157 908 2188 comes
951 2140 1256 2188 Montisfortis
1296 2147 1342 2189 et
1384 2147 1548 2206 gentes

144 2235 308 2266 eorum
341 2218 626 2266 obsederunt
656 2217 811 2264 villam
847 2217 905 2264 de
938 2220 1120 2280 Dynant
1156 2217 1202 2264 in
1229 2235 1320 2281 qua
1351 2218 1430 2266 diu
1464 2218 1548 2266 fuit

143 2296 455 2353 Bertrandus,
492 2294 705 2343 victualia
743 2294 1031 2342 defecerunt.
1071 2294 1281 2342 Oliverus
1314 2294 1372 2342 de
1404 2297 1547 2343 Gues-

143 2372 263 2418 clino
289 2372 347 2419 de
373 2371 577 2434 quodam
604 2371 812 2435 Anglico,
847 2373 1014 2417 Tomas
1041 2370 1099 2417 de
1127 2370 1371 2419 Cantorbia
1397 2371 1548 2418 nomi-

145 2455 270 2505 nato,
307 2449 393 2496 fuit
426 2455 607 2512 captus.
646 2448 828 2495 Dictum
866 2447 950 2494 fuit
985 2447 1243 2495 Bertrando
1283 2447 1410 2511 quod
1447 2448 1546 2511 ipse

144 2532 362 2589 pergeret
396 2526 441 2571 in
475 2524 749 2581 exercitum,
787 2523 845 2571 ad
878 2523 1132 2586 petendum
1159 2524 1263 2571 duci
1294 2524 1544 2571 Lincastrie

144 2602 335 2649 fratrem
376 2618 527 2649 suum.
574 2601 771 2648 Thomas
813 2600 1108 2664 supradictus
1153 2601 1284 2648 miles
1328 2601 1546 2665 Anglicus

143 2677 382 2726 occasione
409 2676 544 2740 hujus
571 2677 665 2723 suis
685 2676 827 2723 armis
857 2692 906 2722 se
927 2676 972 2722 in
998 2693 1164 2740 campo
1187 2676 1334 2724 fulciri
1365 2676 1472 2723 fecit
1498 2683 1545 2723 et

144 2753 361 2800 dominus
400 2753 631 2801 Johannes
677 2753 734 2799 de
782 2752 993 2809 Chando,
1036 2752 1168 2800 miles
1208 2753 1547 2800 famosissimus
