1923 3358
151 281 254 326 1358]
427 284 797 318 CHRONOGRAPHIA
824 285 975 317 REGUM
1002 283 1278 317 FRANCORUM.
1484 281 1551 317 269

148 381 254 412 rum
270 369 317 411 et
335 380 415 412 eos
431 371 583 412 morte
600 363 776 412 crudeli
792 364 909 411 mori
927 364 1137 411 fecerunt
1155 364 1201 410 in
1221 362 1386 411 Gravia
1406 378 1552 426 prop-

146 447 220 488 ter
246 442 538 490 eductionem
569 441 774 506 regentis
809 441 868 488 de
906 440 1145 497 civitate¹3
1180 457 1378 504 cumque
1410 440 1552 487 bour-

146 518 287 565 rellus
302 518 399 582 jam
418 525 598 565 teneret
621 518 827 582 gladium
848 518 906 564 ad
927 516 1234 564 occidendum
1256 533 1354 573 eos,
1383 516 1551 563 morbo

147 595 321 642 caduco
357 595 511 642 subito
548 600 763 656 arreptus
801 600 872 640 est
906 600 952 640 et
986 594 1145 656 jacens
1179 594 1224 640 in
1261 600 1435 640 terram
1466 609 1552 655 per

145 687 367 735 magnum
389 671 615 734 spacium,
645 669 949 732 postmodum
975 670 1177 716 surrexit
1199 676 1245 717 et
1264 686 1428 717 eorum
1449 686 1553 716 cor-

145 764 262 810 pora
289 748 333 795 in
362 753 565 810 quatuor
590 751 748 810 partes
774 745 1074 793 membratim
1097 745 1298 793 divisit?

208 827 265 872 Et
289 830 394 888 post
415 823 671 887 paululum,
701 839 786 870 rex
811 825 1018 870 Navarre
1044 821 1156 869 abiit
1181 823 1552 888 Rothomagum3

145 908 191 949 et
222 917 422 964 corpora
458 899 641 947 comitis
678 899 933 955 Haricurie‚
972 898 1149 945 domini
1184 898 1241 946 de
1278 900 1477 947 Gravilla
1509 906 1556 946 et

144 978 341 1026 aliorum
361 977 688 1040 plurimorum,
707 976 786 1039 qui
803 976 935 1039 jussu
958 975 1082 1039 regis
1099 975 1321 1023 Johannis
1341 976 1553 1039 suspensi

145 1054 343 1111 fuerant,
378 1054 436 1101 de
466 1054 673 1118 patibulo
704 1051 874 1116 deponi
908 1052 1033 1099 fecit.
1063 1052 1237 1099 Deinde
1263 1053 1401 1116 jussit
1433 1053 1554 1100 dicta.

145 1147 344 1195 corpora
375 1131 529 1178 afferri
556 1131 601 1177 in
628 1130 830 1193 plateam
864 1129 941 1176 ubi
968 1128 1152 1176 fuerant
1177 1128 1412 1186 decollati,
1446 1146 1555 1176 con-

144 1207 441 1272 gregatisque
480 1207 706 1271 religiosis
742 1206 939 1253 civitatis
972 1204 1031 1252 ad
1073 1205 1552 1254 recommendandum

145 1284 322 1330 animas
349 1300 529 1340 eorum,
564 1283 670 1331 fecit
706 1299 786 1330 eos
819 1281 1004 1346 sepeliri
1037 1281 1083 1329 in
1120 1283 1294 1346 capella
1333 1287 1555 1330 Innocen-

145 1361 260 1408 tium
286 1377 376 1423 que
405 1366 476 1407 est
500 1360 546 1406 in
577 1377 746 1424 magna
773 1359 964 1407 ecclesia
989 1362 1127 1407 Beate
1154 1359 1310 1406 Marie.
1340 1362 1551 1406 Postmo-

145 1437 257 1484 dum
287 1443 541 1484 convocato
572 1437 746 1500 populo
781 1436 1002 1492 civitatis,
1039 1435 1298 1498 predicavit
1327 1435 1552 1498 quemad-

145 1513 339 1561 modum
360 1514 534 1562 fecerat
553 1513 906 1561 Parisiensibus.

209 1593 437 1654 Tempore
456 1591 533 1638 illo
552 1591 731 1656 pepigit
751 1591 883 1638 fedus
900 1607 1007 1638 cum
1027 1589 1250 1638 militibus
1271 1590 1550 1637 Normannie

145 1671 191 1713 et
219 1666 432 1729 plurimis
469 1666 782 1731 burgensibus
810 1666 1041 1714 bonarum
1074 1665 1317 1723 villarum,
1350 1665 1550 1728 fecitque

145 1742 232 1789 sibi
263 1742 496 1791 federatos
528 1750 718 1807 portare
754 1743 942 1806 capucia
974 1743 1111 1790 unius
1147 1742 1358 1800 liberate,
1389 1749 1440 1790 ut
1465 1759 1550 1807 per

144 1819 232 1868 hoc
254 1821 665 1884 agnoscerentur&

209 1897 290 1944 Illo
313 1903 422 1945 tunc
449 1914 616 1962 regens
642 1898 831 1946 Francie
857 1897 935 1960 qui
965 1902 1065 1944 erat
1088 1896 1265 1953 Meldis,
1294 1913 1549 1961 congrega-

193 2038 226 2072 1.
249 2036 373 2073 Henri
393 2037 547 2081 Metret,
568 2036 707 2072 maitre
728 2035 989 2082 charpentier‚
1011 2040 1049 2071 et
1067 2035 1168 2071 Jean
1189 2035 1317 2080 Peret,
1339 2034 1478 2070 maitre
1499 2034 1548 2072 du

143 2101 238 2143 pont
257 2095 302 2132 de
324 2096 447 2141 Paris,
470 2095 600 2131 furent
619 2095 802 2131 executes
824 2095 858 2130 le
877 2094 921 2131 29
944 2094 1021 2129 mai
1044 2094 1145 2130 1358.
1170 2094 1222 2130 Le
1243 2094 1417 2140 pretexte
1438 2094 1549 2131 invo-

145 2155 218 2202 que
244 2166 340 2201 pour
365 2155 449 2190 leur
467 2154 565 2190 mise
592 2153 613 2188 ἐι
643 2160 743 2189 mort
772 2153 828 2189 fut
854 2153 965 2200 qu'ils
995 2152 1175 2188 devaient
1205 2151 1298 2188 faire
1329 2157 1459 2188 entrer
1485 2151 1550 2188 des

146 2224 240 2260 gens
255 2212 419 2249 d'armes
439 2212 489 2248 du
505 2214 639 2260 regent
660 2213 682 2247 a
699 2212 809 2247 Paris
827 2213 998 2258 (Grandes
1016 2212 1250 2257 Chrom'ques‚
1269 2216 1296 2247 t.
1314 2210 1383 2256 VI,
1399 2222 1434 2257 p.
1454 2211 1548 2256 111).

145 2272 248 2308 Rien
280 2272 505 2319 n’empeche
537 2272 761 2307 d'admettre
795 2282 869 2318 que
902 2271 937 2306 la
967 2270 1151 2306 ve'ritahle
1185 2270 1314 2306 raison
1347 2270 1403 2306 fut
1438 2269 1548 2317 qu’ils

146 2331 300 2367 avaient
321 2331 483 2367 favorise
505 2330 539 2366 le
561 2330 692 2377 depart
713 2329 763 2366 du
785 2330 934 2376 regent.

191 2389 226 2425 2.
249 2389 302 2425 Le
321 2389 511 2425 bourreau
539 2389 735 2436 s’appelait
759 2388 925 2425 Raoulet
949 2393 987 2424 et
1007 2394 1071 2424 eut
1092 2399 1141 2424 en
1171 2387 1260 2424 effet
1285 2398 1362 2424 une
1396 2392 1550 2434 attaque

145 2447 377 2495 d'epilepsie.

193 2508 226 2544 3.
250 2507 410 2543 Charles
425 2507 459 2543 le
475 2507 649 2543 Mauvais
661 2507 764 2543 avait
780 2508 838 2543 ete
855 2507 875 2543 a
892 2507 1029 2543 Rouen
1042 2518 1090 2543 au
1104 2508 1201 2543 mois
1213 2506 1257 2543 de
1270 2506 1421 2554 jauvier
1436 2506 1545 2549 1135&

137 2573 255 2609 ‚notre
290 2567 503 2614 chronique
534 2577 573 2601 se
605 2572 753 2613 trompe
784 2566 882 2602 donc
916 2577 965 2601 en
993 2566 1148 2615 placant
1181 2576 1224 2602 ce
1255 2576 1401 2613 voyage
1436 2565 1546 2611 apres

146 2625 378 2662 l'execution
402 2626 494 2673 qu'il
514 2626 619 2662 vient
641 2626 686 2661 de
708 2626 862 2662 relater.

193 2686 226 2720 4.
250 2686 304 2721 La
325 2685 442 2721 livree
461 2684 507 2721 de
527 2685 700 2722 Navarre
721 2685 814 2721 etait
839 2685 884 2722 de
904 2685 997 2733 drap
1019 2691 1102 2722 vert
1125 2691 1162 2721 et
1189 2684 1266 2732 gris
1291 2695 1385 2720 roux
1411 2683 1550 2728 (Frois-

147 2751 239 2792 sart,
262 2745 320 2781 ed.
345 2745 461 2790 Luce,
484 2751 510 2780 t.
541 2745 586 2791 V,
606 2756 641 2791 p.
664 2756 782 2791 xxvn,
805 2751 896 2781 note
925 2746 970 2791 1).
