1923 3358
99 292 202 338 1369]
379 296 747 328 CHRONOGRAPHIA
775 296 927 327 REGUM
953 295 1232 328 FRANCORUM.
1434 292 1499 328 339

94 375 333 422 castellum
352 375 574 430 reddidit,
600 375 665 422 sic
691 374 818 437 quod
840 374 941 437 ipse
958 380 1006 422 et
1025 375 1105 438 qui
1132 391 1240 422 cum
1265 390 1321 422 eo
1348 381 1498 430 erant,

95 467 202 498 cum
229 451 447 498 omnibus
477 467 569 513 que
601 450 858 507 habebant,
900 451 1015 498 salvi
1050 456 1244 513 possent
1279 451 1407 498 exire
1444 451 1502 498 de

96 526 272 589 patria;
302 532 524 590 totusque
550 526 798 573 comitatus
824 526 1024 583 Pontivi,
1054 527 1135 589 qui
1159 532 1260 574 erat
1283 527 1384 591 regi
1409 528 1503 574 An-

93 601 201 665 glie,
231 602 445 650 redditus
467 607 538 648 est
564 601 664 664 regi
692 602 902 648 Francie.

158 679 314 726 Eciam
352 684 566 741 tempore
606 677 684 723 illo
728 678 872 724 multe
912 677 1124 727 civitates
1167 684 1214 725 et
1254 685 1405 727 castra
1444 679 1503 727 de

93 755 263 803 ducatu
296 754 569 817 Acquitanie
595 754 778 801 reddite
811 760 919 802 sunt
954 756 1051 819 regi
1086 756 1295 812 Francie,
1331 756 1504 804 scilicet

94 832 345 887 Caturicas,
383 830 671 888 Lemovicas,
706 831 989 878 Auxitanum
1025 838 1071 879 et
1105 832 1236 889 alie1‚
1274 833 1502 896 inquieta-

92 910 217 958 tione
234 926 426 958 suorum
440 909 683 957 hominum
695 925 936 957 armorum
952 910 1122 973 quibus
1135 918 1325 974 preerat
1338 929 1389 960 su
1395 929 1504 976 pra-

90 987 242 1035 dictus
258 987 354 1034 dux
371 986 740 1050 Andegavensis,
760 987 902 1033 frater
919 986 1039 1050 ejus,
1061 987 1346 1045 Edowardo,
1372 989 1503 1052 prin-

92 1062 194 1126 cipe
219 1061 399 1118 Wallie,
423 1061 470 1108 in
491 1061 703 1125 partibus
722 1062 810 1109 illis
830 1062 1056 1109 existente
1078 1079 1165 1126 pro
1185 1080 1296 1127 rege
1316 1064 1497 1128 Anglie,

91 1144 225 1203 patre
245 1156 348 1195 suo,
371 1139 714 1186 locumtenente
739 1139 1000 1202 morboque
1024 1140 1175 1187 ethico
1198 1140 1440 1187 laborante
1455 1142 1498 1196 23

92 1232 185 1278 quo
204 1216 575 1280 ingravescente,
601 1214 789 1262 tandem
814 1231 905 1262 non
930 1215 1129 1262 multum
1151 1221 1258 1279 post
1278 1215 1496 1272 decessit,

92 1292 393 1348 Richardum,
429 1291 576 1339 filium
610 1308 746 1339 suurn
773 1292 1154 1356 primogenitum,
1189 1298 1501 1357 cognomento

93 1369 152 1417 de
176 1369 453 1433 Burdegala,
484 1385 540 1416 eo
566 1368 694 1431 quod
720 1368 895 1416 ibidem
921 1375 1056 1417 natus
1088 1369 1239 1417 fuerat
1270 1370 1329 1418 de
1354 1386 1501 1418 uxore

92 1463 192 1504 sua,
216 1446 454 1494 comitissa
472 1445 530 1493 de
549 1448 748 1503 Quento,
772 1445 859 1493 sibi
877 1462 1196 1494 successorem
1211 1446 1497 1510 relinquens.

156 1527 272 1581 Hec,
313 1523 527 1587 inquam,
573 1523 832 1579 comitissa,
879 1523 1160 1571 consobrina
1203 1524 1329 1588 regis
1375 1523 1499 1570 Edo-

90 1600 259 1658 wardi,
284 1606 379 1648 tres
404 1600 598 1647 maritos
623 1600 784 1648 habuit
809 1618 818 1647 ε
849 1600 1030 1663 primus
1057 1600 1142 1648 fuit
1162 1617 1320 1648 comes
1340 1603 1502 1648 Sares-

91 1676 339 1733 heriensis,
384 1677 464 1739 qui
503 1676 549 1723 in
590 1676 785 1724 remotis
825 1676 1031 1724 existens
1075 1682 1121 1723 et
1160 1677 1335 1724 ibidem
1379 1678 1499 1725 ultra

91 1754 297 1802 debitam
321 1770 505 1802 moram
527 1769 791 1809 remanens,
818 1752 1040 1801 estimans
1063 1753 1219 1816 ipsum
1246 1769 1349 1801 esse
1375 1770 1501 1801 mor—

90 1836 223 1878 tuum
248 1830 471 1878 Thomam
497 1830 555 1877 de
585 1829 827 1885 Holandia,
857 1830 1052 1877 militem
1078 1830 1222 1878 multe
1249 1831 1500 1878 strenuita-

90 1906 150 1954 tis
163 1907 398 1954 famosum
408 1904 738 1970 desponsavit3
759 1904 817 1951 de
829 1921 922 1967 quo
940 1905 1098 1968 plures
1113 1905 1285 1953 liberos
1306 1906 1465 1953 habuit
1488 1924 1497 1952 :

91 1983 263 2031 scilicet
289 1982 508 2030 comitem
539 1981 705 2039 Quenti
731 1981 811 2044 qui
838 1981 925 2029 sibi
952 1982 1174 2029 successit
1204 1988 1251 2029 et
1281 1983 1502 2030 comitem

90 2059 149 2107 de
165 2059 425 2107 Hondiston
443 2059 635 2114 fratres;
656 2057 771 2105 duas
788 2057 922 2115 filias,
945 2074 1146 2121 quarum
1164 2058 1316 2121 prima
1330 2059 1501 2108 Johan-

91 2153 190 2194 neS‚
214 2137 311 2185 dux
335 2135 588 2193 Britannie,
619 2151 776 2182 comes
803 2134 1120 2192 Montisfortis,
1151 2136 1286 2183 duxit
1310 2137 1356 2183 in
1384 2154 1503 2185 uxo—

91 2231 210 2270 rem,
245 2213 304 2261 de
332 2230 423 2277 qua
460 2212 591 2277 prole
621 2211 796 2268 caruit3
834 2211 1027 2258 alteram
1054 2212 1240 2259 nomine
1269 2213 1502 2261 Matildem

91 2290 245 2354 primo
278 2289 436 2353 nupsit
470 2287 689 2336 dominus
721 2287 779 2335 de
817 2289 1108 2352 Courtenayo
1145 2294 1190 2335 et
1221 2306 1277 2336 eo
1314 2297 1501 2337 mortuo

93 2366 395 2423 Walrandus,
445 2381 602 2412 comes
647 2363 797 2412 Sancti
848 2363 995 2421 Pauli,
1046 2365 1151 2412 hinc
1198 2365 1502 2428 prisionarius

92 2487 211 2524 telain
237 2487 372 2524 Nicole
403 2487 634 2523 Stamborne
655 2497 703 2522 ou
737 2486 962 2522 Stauroure.
993 2486 1048 2521 La
1075 2486 1286 2533 chronique
1309 2487 1500 2535 francaise

93 2548 304 2583 conservee
335 2546 356 2581 a
375 2547 411 2581 la
433 2546 529 2581 Bibl.
553 2550 633 2581 nat.
657 2545 753 2580 dans
775 2545 808 2580 le
829 2555 901 2580 ms.
920 2544 964 2580 fr.
981 2544 1096 2581 23018
1113 2545 1188 2592 (fol.
1211 2546 1279 2582 265
1296 2548 1346 2592 νο)
1373 2546 1500 2582 donne

93 2607 128 2642 le
149 2606 277 2641 meme
299 2615 390 2641 nom
410 2615 483 2651 que
504 2605 540 2639 la
563 2605 885 2650 Chronoyraphz'a.

143 2666 175 2701 1.
201 2666 363 2701 Grandes
396 2664 634 2709 Chronz‘ques,
667 2668 696 2699 t.
725 2662 795 2709 Vt,
825 2674 861 2710 p.
893 2662 975 2709 269,
1003 2668 1040 2700 et
1065 2663 1271 2710 Froissart,
1299 2665 1356 2700 ed.
1383 2665 1501 2712 Luce,

97 2729 123 2762 t.
148 2723 236 2770 VII,
259 2735 294 2771 p.
318 2734 419 2769 Lvm,
441 2728 531 2759 note
553 2724 586 2759 1.

145 2784 181 2820 2.
206 2797 220 2817 «
245 2783 292 2819 Et
316 2794 366 2819 en
386 2794 429 2820 ce
450 2788 573 2829 temps
595 2782 687 2818 ledit
706 2781 839 2829 prince
860 2782 1056 2819 accoucha
1074 2783 1224 2820 malade
1248 2783 1360 2820 d'une
1381 2785 1502 2821 moult

103 2858 117 2878 α
143 2854 257 2891 grave
279 2843 443 2880 maladie
465 2849 502 2879 et
523 2843 654 2879 devint
675 2842 848 2889 ydropite
872 2855 886 2876 »
912 2843 1044 2889 (ibid).
