1923 3358
133 254 236 300 1367]
407 258 777 293 CHRONOGRAPHIA
804 260 955 292 REGUM
981 260 1258 294 FRANCORUM.
1466 258 1531 294 319

132 356 153 381 ε
185 353 460 401 quacunque
483 338 738 386 verborum
759 339 908 386 forma
928 340 1001 387 vel
1022 340 1323 403 expressione
1342 355 1532 387 conces—

132 433 150 457 «
184 415 265 471 sis,
286 415 425 462 etiam
446 416 485 462 si
507 415 564 463 de
585 416 672 462 illis
698 422 821 463 esset
841 416 1052 479 specialis
1072 424 1119 464 et
1136 433 1377 480 expressa,
1401 433 1454 463 ac
1473 416 1531 463 de

132 508 152 534 ιι
184 491 330 538 verbo
353 491 411 538 ad
436 492 636 539 verbum
663 492 708 538 in
737 491 914 539 eisdem
940 492 1113 539 nostris
1142 493 1455 555 processibus,
1486 498 1531 539 et

130 586 149 610 ε(
181 567 347 614 litteris
373 567 640 631 apostolicis
660 567 766 614 inde
784 568 1005 615 confectis
1023 570 1196 616 mentio
1219 569 1427 616 facienda
1446 584 1531 632 per

128 662 149 687 <1
179 659 270 706 que
288 644 465 691 nullum
480 649 642 691 contra
655 645 902 706 premissa,
926 644 999 691 vel
1017 661 1181 692 eorum
1199 645 1386 709 aliquod
1400 645 1531 692 volu-

127 739 147 764 «
179 736 283 767 mus
316 720 503 768 aufferri
537 720 808 785 suffragium
839 721 913 768 vel
950 720 1243 769 obstaculum
1275 722 1526 785 interponi.

126 815 147 840 <t
175 799 233 844 Ut
258 803 413 844 autem
448 797 713 861 hujusmodi
739 804 900 845 noster
926 813 1177 860 processus
1211 798 1270 845 ad
1295 798 1527 846 dictorum

125 892 145 917 <1
178 873 416 921 socialium
442 890 776 937 perversorum
803 880 849 921 et
873 874 1071 922 aliorum
1101 891 1303 938 quorum
1337 875 1530 922 interest

126 969 146 994 α
177 950 394 997 noticiam
422 950 697 1007 deducatur,
728 958 880 999 cartas
907 969 987 999 seu
1016 952 1312 1000 membranas
1338 968 1528 1015 proces-

124 1046 144 1070 «
176 1043 280 1074 sum
315 1028 606 1075 continentes
635 1027 853 1084 eundern,
893 1028 1082 1092 majoris
1111 1029 1303 1076 ecclesie
1338 1029 1528 1077 Avinio-

123 1122 144 1146 α
175 1103 330 1150 nensis
366 1103 490 1167 affigi
528 1103 658 1151 ostiis
696 1120 777 1150 seu
813 1103 1248 1167 superliminaribus
1284 1104 1524 1161 faciemus,

122 1199 142 1223 c<
174 1197 265 1243 que
292 1196 565 1243 processum
591 1180 792 1227 eundem
824 1197 908 1228 suo
939 1180 1073 1243 quasi
1103 1196 1275 1228 sonoro
1304 1180 1528 1243 preconio

122 1274 142 1298 ε(
174 1262 219 1302 et
251 1255 411 1318 patulo
437 1255 609 1319 judicio
642 1255 962 1318 publicabunt,
1002 1263 1051 1303 ut
1086 1256 1227 1303 iidem
1260 1256 1452 1303 sociales
1484 1263 1528 1303 et

121 1351 141 1375 ε(
174 1332 247 1379 alii
283 1349 486 1395 quorum
517 1333 726 1390 interest,
762 1338 815 1380 ut
844 1333 1152 1396 premittitur,
1189 1333 1316 1396 quod
1353 1333 1412 1381 ad
1446 1350 1526 1380 eos

121 1428 142 1453 α
173 1426 266 1456 non
303 1409 603 1473 pervenerint
634 1410 707 1456 vel
739 1409 1060 1474 ignoraverint
1091 1410 1310 1467 eundem,
1353 1410 1525 1457 nullam

120 1505 139 1529 ε(
172 1486 354 1548 possint
387 1486 736 1534 excusationem
774 1486 1053 1549 pretendere
1091 1486 1163 1533 vel
1206 1486 1522 1550 ignoranciam

119 1581 139 1607 α
171 1563 386 1627 allegare,
416 1579 523 1610 cum
554 1579 646 1610 non
673 1562 731 1609 sit
764 1563 1037 1609 verissimile
1071 1562 1226 1626 quoad
1256 1579 1337 1609 eos
1368 1579 1520 1609 rema-

118 1658 138 1682 «
171 1645 277 1686 neat
304 1639 589 1703 incognitum
619 1638 745 1702 quod
770 1645 866 1685 tam
894 1645 1108 1702 patenter
1127 1639 1344 1686 omnibus
1370 1638 1523 1702 publi-

119 1735 139 1761 «
167 1722 314 1764 catur.
344 1716 462 1764 Nulli
488 1733 601 1781 ergo
623 1716 814 1763 omnino
840 1716 1082 1763 hominum
1103 1716 1233 1763 liceat
1254 1716 1371 1764 hanc
1391 1715 1522 1780 pagi-

117 1811 136 1836 «
169 1809 276 1840 nam
297 1799 454 1841 nostre
471 1792 832 1848 constitutionis,
856 1792 1159 1849 inhibitionis,
1175 1792 1517 1849 declarationis,

115 1889 135 1913 «
166 1869 465 1933 privationis,
512 1869 916 1925 inhabilitationis,
962 1869 1198 1926 mandati,
1244 1869 1515 1924 voluntatis,

116 1965 135 1990 <z
168 1945 494 2003 ordinationis,
531 1946 859 2010 depositionis,
892 1946 1190 2002 remotionis,
1223 1945 1515 2002 redditionis,

117 2042 136 2067 <i
168 2023 497 2080 concessionis,
536 2023 866 2070 reservationis
902 2029 948 2069 et
979 2022 1319 2070 confiscationis
1357 2021 1520 2068 infrin—

115 2119 135 2144 α
165 2116 293 2164 gere,
322 2100 396 2147 vel
422 2100 463 2148 ei
483 2117 596 2147 ausu
623 2100 872 2147 temerario
899 2100 1147 2147 contraire.
1173 2099 1217 2146 Si
1238 2098 1343 2161 quis
1362 2105 1519 2146 autem

114 2196 134 2221 α
164 2177 253 2224 hoc
278 2183 558 2240 attemptare
584 2176 942 2240 presumpserit,
973 2175 1340 2240 indignationem
1367 2175 1518 2222 omni-

114 2272 133 2296 «
167 2253 368 2316 potentis
393 2254 473 2300 Dei
500 2258 546 2299 et
571 2252 815 2300 beatorum
837 2251 959 2299 Petri
981 2256 1025 2298 et
1046 2252 1170 2299 Pauli
1192 2252 1514 2315 apostolorum

113 2348 133 2373 ε(
165 2329 262 2393 ejus
288 2346 337 2377 se
363 2330 545 2377 noverit
562 2330 877 2377 incursurum.
896 2332 1063 2376 Datum
1088 2328 1281 2377 Massilie
1301 2334 1386 2378 v11⁰
1407 2329 1512 2376 idus

112 2425 132 2450 <t
165 2407 289 2463 maii,
318 2407 614 2470 pontificatus
642 2407 787 2454 nostri
813 2422 934 2453 anno
961 2406 1168 2469 quinto1.
1200 2424 1220 2450 ιι

171 2485 536 2547 Verumptamen
592 2483 700 2547 quia
754 2483 1040 2547 hocpropter
1096 2499 1189 2530 non
1244 2483 1505 2539 cessabant,

107 2561 228 2622 Papa
254 2566 300 2606 et
325 2576 409 2606 rex
434 2559 625 2607 Francie
649 2558 880 2607 dederunt
909 2560 975 2606 eis
1000 2559 1169 2608 multas
1197 2559 1435 2624 pecunias,
1463 2565 1513 2606 ut

156 2732 188 2767 1.
212 2731 231 2767 3
252 2730 330 2767 mai
353 2730 457 2767 1367.
