1923 3358
416 259 481 296 118
687 257 1057 291 CHRONOGRAPHIA
1082 257 1235 289 REGUM
1260 255 1537 288 FRANCORUM.
1709 252 1815 298 [1340

415 342 512 389 sine
542 353 733 387 suorum
765 335 1013 383 amissione
1044 335 1270 382 remeavit
1301 335 1359 382 ad
1392 334 1647 382 exercitum
1674 338 1817 382 Fran-

414 432 593 464 corum.
642 415 806 461 Comes
849 417 1003 458 autem
1049 412 1278 467 Hanonie,
1325 411 1489 458 videns
1539 411 1665 474 quod
1712 428 1819 459 eum

415 493 643 555 attingere
666 506 759 537 non
784 494 961 552 posset,
987 505 1078 536 non
1100 488 1338 536 modicum
1360 504 1503 551 super
1523 488 1612 534 hoc
1635 488 1814 545 dolens,

413 569 577 615 itinere
603 572 863 629 resumpto,
891 567 936 613 in
964 566 1162 629 patriam
1190 581 1321 613 suam
1348 581 1592 629 regressus
1617 570 1704 612 est.

476 644 734 693 Richardus
760 660 948 707 quoque
975 643 1033 691 de
1065 643 1318 699 LimosinO,
1347 643 1616 705 capitaneus
1647 642 1822 690 castelli

413 728 459 770 et
484 722 561 785 qui
588 738 694 769 cum
721 738 776 768 eo
808 726 957 778 erant,
987 720 1335 768 considerantes
1367 735 1604 767 recessum
1636 719 1818 766 comitis

407 800 663 863 jugemque
683 797 1082 861 impugnationem
1102 800 1387 844 Francorum
1411 801 1550 859 atque
1575 811 1821 843 murorum

414 874 585 922 castelli
616 873 998 928 confractionem,
1028 873 1220 935 insuper
1246 872 1447 919 maxime
1480 872 1731 919 hesitantes
1762 889 1822 918 ne

414 954 692 1013 caperentur
727 967 752 995 a
793 948 973 997 Gallicis
1011 948 1083 995 illa
1122 948 1221 1004 die,
1257 948 1414 995 habito
1451 947 1644 995 consilio
1680 948 1825 1010 quali-

414 1033 486 1074 ter
511 1031 703 1090 possent
734 1025 919 1081 salvari,
950 1041 1165 1089 magnam
1201 1025 1467 1072 resistencie
1496 1025 1824 1088 apparenciam

414 1102 720 1150 ostenderunt
753 1102 957 1158 Gallicis,
994 1108 1044 1149 ut
1076 1117 1239 1148 eorum
1271 1101 1472 1149 intencio
1504 1101 1670 1149 melius
1700 1101 1822 1149 cela-

415 1186 562 1227 retur.

478 1255 652 1303 Deinde
686 1255 730 1301 in
766 1255 914 1302 noctis
946 1255 1118 1312 medio,
1148 1255 1429 1319 pinguedine
1464 1261 1511 1302 et
1536 1255 1639 1303 oleo
1665 1255 1822 1303 trabes

416 1332 585 1379 castelli
614 1338 865 1388 unxerunt,
890 1331 1089 1395 igneque
1112 1332 1336 1395 inposito,
1362 1332 1460 1379 sine
1488 1348 1619 1379 mora
1646 1339 1823 1380 secrete

416 1408 708 1455 intraverunt
742 1407 935 1454 ssuvium
969 1407 1015 1453 in
1052 1407 1231 1455 batellis
1264 1425 1382 1470 quos
1415 1407 1736 1471 providerant,
1772 1425 1825 1455 ac

416 1484 710 1549 egredientes
742 1485 964 1547 fugerunt
995 1484 1052 1530 ad
1086 1485 1320 1532 comitem.
1359 1484 1443 1542 Qui
1476 1490 1630 1532 autem
1664 1484 1826 1549 vigila-

416 1562 528 1609 bant
564 1561 609 1607 in
648 1561 856 1608 exercitu
895 1563 1203 1617 Francorum,
1242 1561 1555 1624 percipientes
1589 1561 1825 1608 flammam

416 1638 535 1685 infra
573 1637 836 1693 castellum,
876 1637 1073 1684 multum
1115 1638 1365 1700 pavefacti,
1407 1637 1725 1685 clamaverunt
1765 1637 1824 1684 ad

415 1731 546 1761 arma
577 1731 584 1759 :
616 1730 821 1776 moxque
846 1714 1052 1760 exercitu
1084 1714 1143 1760 ad
1170 1714 1291 1761 hunc
1317 1715 1570 1761 clamorem
1595 1730 1823 1778 experge-

416 1791 555 1847 facto,
586 1806 750 1837 omnes
776 1796 1091 1837 convenerunt
1118 1790 1177 1838 ad
1204 1791 1443 1838 castellum
1469 1797 1516 1838 et
1546 1791 1665 1839 bene
1695 1791 1825 1838 vide-

416 1872 526 1913 runt
551 1866 748 1928 qualiter
768 1865 944 1929 Anglici
970 1867 1185 1930 fugerant
1211 1883 1263 1913 ac
1289 1866 1443 1930 ignem
1465 1866 1819 1914 accenderant¹.

416 1947 484 1991 Ex
511 1942 597 1989 hoc
623 1948 780 1989 autem
806 1959 889 1989 rex
912 1943 1045 1990 valde
1071 1943 1389 1999 contristatus,
1426 1943 1562 2007 jussit
1593 1960 1674 1991 eos
1705 1943 1828 1992 inse-

417 2020 525 2083 qui,
558 2020 619 2066 illi
647 2036 761 2067 vero
792 2036 841 2066 se
875 2026 1055 2067 tantum
1087 2020 1420 2084 elongaverant
1449 2021 1508 2068 de
1537 2027 1674 2068 nocte
1697 2021 1825 2084 quod

417 2096 462 2141 in
478 2095 733 2143 crastinum
748 2103 977 2143 venerunt
995 2096 1052 2144 ad
1075 2099 1313 2153 comitem,
1331 2097 1410 2159 qui
1431 2098 1591 2145 abiens
1609 2098 1668 2145 ad
1689 2114 1826 2145 suum

419 2177 624 2219 castrum
659 2173 717 2219 de
750 2174 1006 2228 Montibus,
1042 2173 1216 2221 ibidem
1249 2174 1371 2222 facto
1403 2191 1573 2239 magno
1606 2175 1821 2238 prandio,

420 2248 597 2295 remisit
632 2266 740 2297 suos
771 2250 996 2309 barones,
1038 2250 1196 2298 dicens
1235 2251 1301 2298 eis
1336 2252 1464 2315 quod
1497 2251 1543 2298 in
1576 2251 1708 2299 brevi
1745 2267 1826 2299 eos

420 2325 717 2373 remandaret
754 2333 800 2374 et
834 2328 958 2390 quod
993 2344 1180 2391 semper
1207 2329 1355 2392 parati
1386 2335 1540 2376 essent
1571 2328 1731 2375 venire
1766 2327 1825 2375 ad

421 2401 691 2448 mandatum
712 2420 847 2450 suum
873 2422 881 2450 ε
907 2404 986 2467 qui
1006 2404 1066 2451 ita
1094 2405 1428 2467 promiserunt.
1452 2408 1508 2452 Et
1534 2421 1692 2453 comes
1714 2403 1825 2452 abiit

422 2477 467 2524 in
495 2478 773 2535 Flandriam,
798 2479 955 2542 ibique
981 2481 1245 2544 expectavit
1274 2497 1435 2546 regem
1461 2481 1640 2545 Anglie.

488 2558 586 2602 Rex
612 2560 766 2602 autem
796 2557 999 2611 Francie,
1024 2558 1168 2605 tristis
1194 2558 1252 2606 de
1281 2559 1496 2606 evasione
1525 2558 1823 2623 Anglicorum

475 2723 505 2757 l.
529 2722 585 2758 Cf.
610 2722 813 2767 Froissurt,
835 2722 892 2757 ed.
916 2722 1033 2770 Luce,
1058 2730 1082 2759 t.
1107 2725 1158 2771 ΙΙ,
1180 2737 1216 2772 p.
1240 2737 1314 2761 xw.
