1923 3358
105 266 208 312 1358]
372 269 743 301 CHRONOGRAPHIA
769 267 923 300 REGUM
948 267 1227 300 FRANCORUM.
1438 264 1503 300 273

101 347 168 394 eis
193 347 298 410 plus
318 363 459 410 quam
485 347 818 410 octingentos¹.
840 346 922 394 Illo
942 352 1052 393 tunc
1073 346 1355 393 Parisienses
1381 346 1507 393 abie-

100 429 211 471 runt
252 423 310 471 ad
351 423 757 472 Hermonivillam2
803 429 849 470 et
889 423 934 469 vi
979 423 1237 470 assultuum
1282 427 1507 487 ceperunt

101 499 341 548 castellum
387 499 466 547 ubi
510 505 608 546 erat
657 499 890 546 Robertus
941 499 999 546 de
1042 499 1174 547 Loris
1218 499 1375 557 miles,
1427 499 1507 563 qui

99 592 276 639 pavore
296 576 583 639 compulsus,
613 574 896 622 renuntiavit
920 574 1048 621 omni
1076 575 1321 633 nobilitati,
1351 575 1508 623 dicens

100 669 150 700 se
184 668 428 717 preamare
460 651 729 715 burgesiam
762 650 1093 707 Parisiensem‚
1132 651 1191 698 de
1224 669 1315 714 qua
1350 652 1509 699 oriun-

100 727 188 776 dus
215 729 383 786 fuerat,
425 743 567 791 quam
596 726 839 782 miliciam3
880 726 945 772 sic
977 726 1101 773 enim
1127 733 1329 775 mortem
1362 728 1509 776 evasit

99 822 206 854 cum
232 821 379 854 uxore
411 809 457 852 et
488 803 694 867 pueris3.
727 803 1076 851 Nichillominus
1108 805 1347 853 castellum
1371 822 1508 869 cepe-

97 888 207 930 runt
232 881 515 930 Parisienses
544 897 598 928 ac
627 880 873 944 depredati
899 886 1007 928 sunt
1033 887 1079 928 et
1101 882 1304 946 regressi
1329 888 1437 931 sunt
1462 883 1508 930 in

99 960 334 1008 civitatem
353 974 504 1006 suam.

164 1045 394 1106 Tempore
419 1041 515 1098 illo,
545 1057 713 1106 regens
738 1041 928 1089 Francie
948 1040 1062 1090 abiit
1083 1041 1423 1105 Compendium
1448 1043 1507 1090 ad

98 1118 480 1184 congregandum
500 1119 717 1166 miliciam
737 1135 869 1166 suam
892 1136 945 1167 ac
968 1119 1142 1167 dimisit
1159 1135 1358 1167 uxorem
1376 1135 1507 1167 suam

98 1196 258 1245 Meldis
287 1212 394 1244 cum
425 1195 568 1244 Balbo
598 1195 656 1243 de
691 1195 896 1244 Villaniis
924 1201 971 1243 et
1003 1196 1230 1244 Strabone
1262 1195 1320 1243 de
1344 1196 1509 1243 Cham-

96 1274 291 1331 beliaco,
321 1273 401 1336 qui
427 1278 684 1336 posuerunt
714 1272 761 1319 in
788 1272 908 1331 foro,
939 1273 1066 1337 quod
1098 1280 1198 1321 erat
1230 1273 1406 1337 optime
1429 1273 1509 1320 fir-

97 1355 294 1408 matum,
317 1350 571 1398 maximam
593 1349 925 1414 garnisionem,
956 1349 1130 1398 scilicet
1155 1349 1339 1398 divitias
1357 1350 1508 1414 patrie

145 1511 178 1546 1.
201 1508 500 1546 Probablement
520 1509 555 1546 le
577 1509 620 1545 10
638 1508 723 1556 juin
746 1509 850 1546 1358.
873 1509 926 1545 Le
947 1509 1004 1545 roi
1031 1508 1076 1546 de
1097 1509 1274 1546 Navarre
1297 1521 1345 1546 en
1366 1515 1434 1546 tua
1454 1521 1508 1546 un

98 1568 218 1618 grand
239 1569 414 1615 nombre,
434 1583 448 1603 α
472 1569 631 1615 excepte
653 1579 733 1616 ung
752 1580 827 1616 pou
842 1568 907 1616 qui
929 1580 968 1605 se
983 1569 1178 1616 tappirent
1199 1580 1248 1606 en
1268 1581 1348 1617 ung
1370 1571 1508 1617 champ

100 1642 114 1663 α
138 1628 184 1665 de
203 1628 279 1675 hle,
301 1628 365 1676 qui
395 1639 464 1675 par
491 1633 588 1675 nuyt
619 1628 702 1663 s'en
726 1627 869 1664 fuirent
890 1641 905 1661 »
930 1628 1156 1673 (chronique
1182 1631 1241 1665 des
1270 1633 1400 1674 quatre
1422 1640 1510 1674 pre-

96 1690 208 1723 miers
235 1688 363 1731 Valois,
385 1699 421 1734 pi
445 1688 514 1732 75).
539 1688 647 1724 Dans
669 1699 740 1724 son
760 1687 906 1724 edition
927 1687 972 1723 de
993 1687 1187 1724 Froissart
1210 1689 1248 1734 (1.
1272 1689 1323 1735 V,
1344 1700 1380 1735 p.
1403 1700 1508 1735 xxm,

97 1750 188 1783 note
208 1747 258 1794 2),
280 1747 331 1783 M.
354 1747 460 1783 Luce
480 1747 626 1784 incline
647 1747 670 1783 ἐι
689 1746 798 1783 dater
819 1757 862 1784 ce
882 1757 1081 1784 massacre
1104 1747 1148 1783 de
1170 1747 1207 1783 la
1226 1747 1279 1783 fin
1301 1747 1346 1784 de
1367 1747 1460 1784 mai.

145 1810 178 1846 2.
203 1810 512 1856 ErmenoanIe,
543 1809 647 1856 Oise,
680 1810 1011 1847 arrondissement
1040 1810 1086 1846 de
1117 1810 1260 1857 Senlis,
1291 1817 1434 1848 canton
1464 1811 1509 1847 de

98 1870 591 1906 Nanteuil-le-Haudouin.
616 1870 723 1906 Cette
739 1876 874 1917 troupe
890 1871 984 1906 etait
1011 1881 1100 1907 sous
1121 1870 1175 1906 les
1196 1870 1328 1907 ordres
1343 1871 1388 1907 de
1409 1871 1508 1907 Jean

97 1929 286 1975 Vaillant‚
312 1930 447 1976 prevot
468 1929 533 1966 des
553 1929 758 1966 monnaies
781 1929 835 1976 (S.
858 1930 978 1976 Luce,
1003 1932 1163 1966 Histoire
1183 1932 1224 1965 de
1246 1933 1282 1966 la
1301 1931 1506 1975 Jacquerie,

96 1999 132 2034 p.
152 1988 247 2034 133),
262 1992 299 2025 et
319 1987 567 2034 l’expedition
590 1998 630 2023 se
651 1988 692 2023 fit
713 1987 807 2023 trois
824 1999 873 2024 ou
894 1992 1030 2035 quatre
1047 1987 1155 2035 jours
1174 1993 1290 2024 avant
1312 1988 1348 2024 la
1368 1987 1507 2024 defaite

97 2046 163 2084 des
183 2047 352 2095 Jacques
373 2046 395 2082 ἐι
415 2046 614 2083 Glermont
641 2048 863 2092 (Chronz'que
883 2049 1100 2091 normande,
1125 2059 1160 2094 p.
1184 2047 1266 2093 312,
1289 2052 1378 2084 note
1399 2047 1448 2092 6).

144 2112 178 2148 3.
200 2112 256 2148 La
279 2113 488 2158 Chronique
516 2113 722 2147 nor-mande
748 2114 796 2158 (p.
818 2111 902 2157 312,
929 2117 1019 2148 note
1042 2113 1073 2158 7)
1103 2123 1151 2148 ne
1177 2111 1352 2148 donnant
1378 2123 1445 2159 pas
1475 2112 1509 2148 16

96 2172 258 2219 prenom
284 2171 329 2208 de
355 2183 398 2208 ce
426 2182 684 2219 personnage,
709 2171 764 2207 les
793 2170 962 2207 editeurs
990 2176 1057 2207 ont
1087 2171 1212 2207 hesite
1241 2171 1262 2206 a
1289 2171 1509 2208 l'identifier

99 2240 193 2267 avec
214 2230 360 2267 Robert
382 2230 428 2266 de
448 2230 595 2276 Locris,
618 2229 825 2275 chevalier,
850 2229 1095 2266 chambellan
1116 2230 1166 2266 du
1191 2230 1247 2266 roi
1268 2236 1305 2267 et
1327 2231 1510 2279 seigneur

99 2289 426 2326 d'Ermenonville
443 2289 621 2336 (Demay,
638 2291 850 2325 Inventaire
869 2290 928 2325 des
942 2300 1073 2325 sceaux
1093 2290 1134 2324 de
1155 2292 1192 2325 la
1206 2292 1392 2326 collection
1414 2292 1509 2327 διαί-

98 2350 289 2385 rambauu
311 2350 333 2384 ὰ
356 2352 391 2385 la
412 2350 659 2393 Bibliothd’que
680 2351 881 2391 nationale,
902 2353 930 2384 1.
946 2348 978 2393 Ι,
994 2359 1029 2394 pu
1050 2348 1131 2395 565,
1153 2356 1210 2384 n⁰⁵
1224 2349 1314 2386 5367
1336 2350 1508 2395 615368),

100 2407 180 2455 qui,
202 2418 251 2443 en
272 2407 378 2453 1354,
401 2408 504 2444 avait
534 2408 656 2455 quitte
686 2408 723 2443 la
749 2419 843 2444 cour
870 2412 907 2443 et
935 2407 1061 2443 meme
1091 2408 1128 2443 la
1153 2407 1316 2454 France,
1341 2422 1355 2442 «
1381 2419 1445 2445 car
1475 2410 1509 2445 le

107 2477 120 2496 «
143 2465 229 2511 Roy
258 2465 371 2501 estoit
404 2465 611 2502 couroucie
645 2470 681 2501 61
714 2465 836 2501 moult
871 2475 1004 2500 esmeu
1039 2470 1172 2502 contre
1199 2466 1304 2513 luy»
1333 2468 1509 2509 (Grandes

103 2525 340 2569 Chrom'ques,
363 2530 391 2560 1.
414 2524 485 2569 VI,
510 2536 545 2570 p.
570 2524 641 2565 13).
671 2524 736 2561 Un
764 2535 814 2559 an
845 2529 1098 2571 anparavant‚
1126 2535 1175 2561 en
1206 2525 1310 2572 1353,
1333 2538 1381 2562 au
1411 2526 1509 2562 mois

103 2583 148 2620 de
160 2583 400 2630 septembre,
422 2583 449 2618 il
469 2583 561 2619 etait
583 2594 723 2620 encore
744 2594 793 2619 en
808 2583 941 2620 faveur
961 2589 998 2620 et
1019 2583 1053 2620 le
1073 2584 1129 2620 roi
1143 2585 1197 2621 lui
1218 2586 1321 2622 avait
1343 2585 1510 2622 concede

104 2641 424 2678 l'etablissement
454 2640 499 2677 de
530 2640 643 2677 foires
673 2640 695 2676 ὲ,
724 2640 1014 2678 Ermenonville
1043 2641 1154 2688 (Bibl.
1183 2649 1280 2689 nat.‚
1309 2643 1511 2680 collection

104 2699 312 2747 Deeamps,
335 2700 410 2737 vol.
433 2699 504 2747 46).

246 2771 276 2801 ΙΙ
1327 2768 1369 2804 18
