1923 3358
218 320 320 366 1340]
497 324 868 357 CHRONOGRAPHIA
895 324 1047 357 REGUM
1073 324 1351 357 FRANCORUM.
1554 321 1618 357 ’157

214 418 343 466 gare,
366 403 655 450 considerata
677 403 958 467 fatigatione,
984 410 1144 450 contra
1161 403 1451 451 Leodienses.
1471 406 1619 450 Porro

215 479 382 525 comite
427 480 653 527 Sabaudie
702 497 806 526 curn
853 480 948 526 suis
991 480 1048 526 ad
1093 497 1173 527 eos
1217 480 1615 542 pervenientibus,

213 555 510 602 marescallus
545 555 801 611 Londonie,
841 556 1052 602 Galterus
1091 556 1149 603 de
1186 557 1420 620 Magniaco
1459 562 1504 604 et
1546 557 1619 603 alii

214 631 391 695 Anglici
418 632 710 679 bellaverunt
737 637 900 678 contra
927 648 1026 679 eos.

277 708 465 755 Interim
499 707 732 756 Gerardus
765 707 823 753 de
855 707 1122 763 Wercliino,
1158 709 1435 756 senescallus
1469 713 1620 756 Hano-

213 785 302 842 nie,
335 785 456 848 cepit
483 784 663 832 frenum
691 784 798 847 equi
824 783 1023 839 comitis,
1049 784 1224 831 domini
1249 785 1316 832 sui
1336 791 1381 832 et
1400 785 1619 850 fugiendo

212 860 507 922 quantocius,
546 861 699 924 ipsum
739 859 873 907 duxit
908 876 1072 908 versus
1112 866 1261 907 castra
1299 861 1616 925 Anglicorum,

211 936 369 984 dicens
389 937 429 984 ei
451 937 577 1000 quod
594 937 858 1001 prevaleret
874 936 1036 1001 fugere
1055 953 1194 999 quarn
1212 936 1332 984 male
1349 943 1615 1001 expectare.

275 1017 337 1061 Ea
358 1013 548 1078 quidem
568 1014 660 1071 die,
683 1013 838 1061 Gallici
859 1014 1130 1077 eripuerunt
1150 1012 1423 1077 episcopum
1446 1020 1490 1060 et
1507 1014 1620 1061 alios

211 1096 371 1154 captos
403 1091 460 1138 de
496 1091 713 1139 manibus
743 1091 964 1148 hostium,
993 1090 1198 1154 victique
1230 1096 1337 1137 sunt
1368 1091 1544 1155 Anglici
1576 1096 1619 1138 et

211 1184 268 1216 ex
305 1169 373 1215 eis
410 1169 546 1216 occisi
587 1185 729 1232 super
760 1185 952 1231 campos
984 1185 1132 1231 usque
1165 1167 1221 1214 ad
1253 1167 1620 1231 quadringentos

208 1244 474 1301 homines&
503 1246 643 1293 ceteri
668 1262 781 1292 vero
815 1246 893 1308 qui
925 1251 1180 1309 potuerunt
1208 1245 1386 1309 fugere,
1417 1245 1619 1309 regressi

210 1326 316 1368 sunt
337 1321 395 1368 ad
417 1327 566 1368 castra
588 1339 687 1377 sua,
712 1327 874 1385 preter
892 1338 1039 1369 unum
1062 1321 1253 1368 militem
1276 1321 1463 1368 nomine
1480 1325 1620 1370 Wau-

209 1397 313 1443 flart
352 1397 410 1444 de
448 1399 616 1454 Cruce,
658 1398 788 1461 cujus
826 1414 974 1460 equus
1011 1398 1280 1445 vulneratus
1322 1397 1472 1443 fuerat
1513 1412 1617 1442 cuni

208 1479 571 1536 persequeretur
588 1491 613 1520 a
633 1474 841 1530 Gallicis;
863 1474 938 1520 hic
958 1473 1199 1521 descendit
1225 1473 1282 1519 de
1309 1489 1430 1536 equo
1458 1489 1542 1519 suo
1566 1488 1619 1518 ac

208 1550 326 1614 fugit
345 1550 391 1596 in
412 1550 616 1613 quodam
638 1550 740 1614 (sie)
761 1567 941 1607 nemus,
964 1567 1164 1613 cumque
1185 1549 1386 1612 quadam
1401 1549 1475 1595 via
1493 1565 1620 1595 erra-

208 1633 302 1684 ret,
338 1627 535 1675 tendens
570 1627 725 1675 redire
760 1628 817 1675 ad
851 1633 1002 1675 castra
1033 1627 1335 1691 Anglicorum
1368 1631 1413 1673 et
1437 1625 1620 1672 videret

208 1705 445 1752 castellum
466 1705 523 1752 de
550 1704 803 1761 Dossemer,
829 1704 1018 1753 soldarii
1045 1704 1254 1769 ejusdem
1272 1702 1445 1750 castelli
1466 1720 1490 1749 a
1518 1702 1620 1765 qui-

209 1780 297 1829 bus
322 1781 448 1829 visus
475 1787 545 1829 est
568 1787 792 1846 ceperunt
819 1797 926 1828 eum
953 1787 1000 1828 et
1025 1798 1050 1828 a
1076 1780 1325 1828 castellano
1351 1779 1523 1826 missus
1550 1784 1620 1825 est

209 1858 267 1906 ad
295 1875 456 1923 regem
480 1858 671 1906 Francie
697 1857 823 1922 apud
851 1858 1074 1905 Bouvines
1097 1873 1114 1903 .·
1140 1863 1186 1904 et
1216 1873 1300 1903 rex
1326 1855 1404 1919 qui
1434 1854 1492 1901 de
1518 1854 1621 1917 ipso

208 1936 375 1984 multas
402 1936 615 2000 querelas
640 1936 868 1989 audierat,
892 1935 1080 2000 gavisus
1105 1940 1177 1982 est
1202 1933 1353 1981 valde.

273 2016 491 2075 Tuncque
516 2013 609 2060 duo
637 2013 895 2076 burgenses
927 2011 984 2059 de
1011 2010 1193 2065 Insulis,
1224 2009 1397 2056 scilicet
1425 2007 1619 2054 Lothar-

208 2089 295 2136 dus
314 2090 559 2138 Fremaudi
574 2096 620 2137 et
633 2089 831 2137 Alardus
847 2089 1005 2143 Probi,
1024 2088 1292 2135 assistentes
1312 2101 1471 2133 coram
1486 2101 1614 2149 rege,

209 2166 588 2229 supplicaverunt
624 2166 662 2213 ei
703 2172 754 2213 ut
794 2165 1071 2212 concederet
1111 2164 1264 2226 ipsum
1304 2161 1620 2209 Insulensibus

209 2242 379 2304 quibus
411 2243 553 2291 multa
589 2248 864 2290 nocumenta
902 2242 1090 2289 fecerat.
1134 2239 1309 2297 Quibus
1345 2256 1430 2286 rex
1464 2239 1618 2302 ipsum

210 2319 444 2376 tradidit&
483 2325 534 2366 ut
567 2319 792 2367 ducerent
824 2336 929 2366 eum
960 2319 1005 2364 in
1038 2317 1192 2364 villam
1227 2332 1375 2373 suam,
1406 2315 1619 2362 inhibens

257 2449 289 2483 1.
314 2448 414 2483 C’est
435 2448 468 2483 le
490 2448 623 2483 chiffre
644 2458 716 2494 que
738 2447 863 2483 donne
885 2447 922 2481 la
943 2447 1150 2490 Clzroni'que
1171 2447 1374 2480 normannie
1396 2445 1444 2491 (p.
1468 2444 1538 2486 48).

255 2505 289 2540 ἰ).
314 2505 488 2552 Pliilippe
512 2505 566 2540 VI
593 2505 689 2540 livra
715 2516 763 2541 en
791 2505 878 2540 estet
899 2502 1077 2538 Wassard
1104 2502 1148 2538 de
1173 2503 1210 2538 la
1231 2502 1346 2538 Croix
1372 2514 1447 2538 aux
1468 2501 1617 2545 LilloiS,

209 2565 273 2612 qui
293 2565 327 2600 le
354 2565 495 2600 inirent
517 2564 538 2599 a
566 2569 665 2600 mort
697 2564 757 2609 (cf.
780 2563 987 2609 Froissart,
1018 2561 1075 2598 e'd.
1098 2562 1216 2608 Luce,
1244 2567 1271 2597 t.
1294 2561 1346 2608 II,
1367 2572 1402 2608 p.
1427 2561 1467 2596 61
1486 2566 1523 2596 et
1544 2560 1617 2605 62).

209 2622 400 2658 Froissart
434 2627 589 2659 raconte
623 2633 695 2669 que
722 2620 896 2657 Wassard
928 2620 972 2655 de
1000 2620 1037 2655 la
1065 2619 1179 2656 Croix
1204 2633 1217 2653 «
1244 2619 1390 2655 s'estoit
1415 2618 1552 2653 houte's
1582 2622 1619 2652 et

211 2696 226 2715 «
252 2693 364 2729 repus
385 2688 493 2718 entre
514 2682 640 2717 mares
662 2687 699 2717 et
722 2682 868 2716 rosiaus
890 2685 927 2716 et
949 2690 989 2715 se
1012 2679 1154 2716 cuidoit
1175 2679 1211 2715 la
1231 2679 1334 2715 tenir
1351 2679 1511 2726 jusques
1534 2676 1555 2711 a
1584 2676 1617 2711 le

213 2754 228 2774 <a
252 2741 348 2787 nuit,
374 2755 389 2775 »
413 2741 541 2788 quand
568 2741 594 2777 il
615 2741 670 2776 fut
692 2751 830 2788 apereu
852 2751 920 2786 par
940 2739 1006 2776 des
1028 2750 1122 2786 gens
1144 2739 1192 2774 du
1216 2739 1396 2785 seigneur
1417 2736 1461 2771 de
1484 2735 1618 2771 Saint-

215 2800 384 2838 Venant.
