1923 3358
209 271 312 318 1341]
483 275 852 307 CHRONOGRAPHIA
879 274 1030 306 REGUM
1056 273 1335 305 FRANCORUM.
1538 267 1604 304 169

205 355 309 401 veio
325 354 383 401 de
399 357 568 411 Leone,
589 353 720 418 quasi
745 369 851 400 cum
871 351 1137 415 quindecim
1156 351 1342 399 milibus
1361 350 1603 398 hominum

204 447 444 479 armorum
468 437 514 478 et
539 431 651 478 abiit
676 436 722 478 et
754 435 904 477 castra
932 435 1134 478 metatus
1163 434 1233 476 est
1264 435 1369 476 ante
1399 434 1604 476 castrum

204 507 381 556 dictum
406 507 583 556 Bresffi.

267 588 378 632 Erat
403 591 558 633 autem
587 584 633 630 in
660 588 813 631 castro
838 582 1030 645 quidam
1049 582 1199 640 miles,
1226 587 1450 647 cognatus
1474 582 1604 630 ducis

203 662 425 718 defuncti,
461 661 648 708 nomine
681 659 931 707 Garnerius
957 659 1015 706 de
1044 659 1296 718 Cliconio23
1326 676 1419 708 non
1448 666 1603 708 tamen

203 744 302 786 erat
327 744 551 802 cognatus
571 736 770 792 comitis,
796 736 1015 798 quoniam
1035 736 1132 784 dux
1152 743 1198 783 et
1215 753 1372 784 comes
1392 744 1524 785 erant
1546 738 1604 786 de

202 815 385 862 duobus
428 813 684 878 patribusss.
732 815 898 860 Comes
936 818 1093 859 autem
1134 829 1240 860 cum
1279 817 1494 878 Herveyo
1545 815 1603 862 de

199 971 426 1020 castrum,
462 966 650 1030 signans
685 966 802 1013 velle
838 983 887 1013 se
924 966 1048 1029 loqui
1083 982 1188 1013 cum
1228 966 1317 1013 illis
1359 967 1437 1029 qui
1472 974 1604 1014 erant

198 1043 343 1099 infra3
373 1059 491 1107 quos
515 1042 798 1107 percipiens,
826 1041 978 1089 dictus
995 1041 1246 1089 Garnerius
1265 1042 1393 1089 venit
1412 1043 1470 1090 ad
1496 1042 1604 1090 bar-

197 1119 387 1167 reriam.
416 1120 725 1183 Interrogavit
751 1125 908 1166 autem
934 1135 1041 1166 eum
1067 1135 1225 1166 comes
1253 1119 1313 1166 ad
1340 1119 1452 1182 quid
1477 1119 1604 1183 cogi-

196 1196 326 1244 tabat
350 1197 458 1259 quia
487 1196 573 1244 sibi
601 1213 691 1243 non
720 1195 986 1253 obediebat,
1013 1195 1368 1260 imperabatque
1395 1201 1441 1243 et
1467 1213 1603 1260 roga-

196 1273 276 1321 bat
311 1290 418 1321 eum
454 1273 672 1337 quatinus
714 1273 802 1320 sibi
840 1274 1012 1321 faceret
1047 1272 1318 1337 homagium
1359 1273 1445 1321 sub
1479 1289 1600 1336 pena

196 1350 438 1399 amittendi
462 1356 683 1406 castrum,
707 1356 883 1397 terram
904 1357 948 1397 et
969 1351 1116 1397 vitam
1137 1366 1284 1397 suam.

261 1427 387 1475 Miles
419 1444 607 1490 quoque
636 1427 829 1474 audiens
860 1426 1008 1474 minas
1034 1426 1233 1485 comitis,
1262 1426 1419 1474 furore
1441 1443 1602 1475 accen-

198 1521 294 1561 suS‚
319 1504 564 1568 respondit
589 1504 629 1551 ei
660 1504 787 1566 quod
813 1503 1067 1551 dimitteret
1091 1504 1374 1551 Britanniam
1400 1503 1446 1550 in
1468 1520 1598 1567 pace,

196 1581 242 1627 in
260 1597 351 1643 qua
372 1580 510 1627 nichil
528 1580 729 1628 habebat
755 1598 764 1627 :
789 1596 898 1643 ymo
914 1580 1018 1644 jure
1038 1580 1319 1627 hereditario
1337 1581 1604 1644 pertinebat

195 1657 331 1706 uxori
357 1657 512 1706 Karoli
539 1657 786 1714 Blesensis,
817 1663 861 1704 et
887 1657 1015 1721 quod
1041 1656 1104 1703 illi
1132 1661 1179 1704 et
1210 1657 1397 1713 Karolo,
1434 1657 1602 1705 marito

194 1734 318 1799 ejus,
380 1735 704 1782 tantummodo
761 1734 1002 1790 obediret3
1067 1734 1259 1797 insuper
1315 1733 1432 1781 dixit
1491 1751 1601 1782 eum
1649 1778 1651 1780 .

194 1828 394 1875 nequam
421 1817 466 1859 et
490 1827 770 1874 perversum
799 1828 926 1869 esse,
961 1811 1068 1858 talia
1099 1810 1310 1859 faciendo
1340 1811 1387 1858 in
1420 1811 1602 1859 Britan-

194 1888 337 1936 niam.

257 1968 383 2013 Tunc
414 1981 571 2013 comes
601 1966 688 2013 hiis
720 1965 1014 2029 indignatus,
1053 1965 1247 2012 recessit
1283 1964 1440 2028 jurans
1474 1962 1602 2027 quod

241 2112 273 2146 1.
296 2109 570 2158 Auparavant,
603 2111 630 2147 il
662 2111 785 2157 parait
823 2122 896 2158 que
936 2111 970 2146 le
1010 2114 1136 2147 comte
1168 2109 1213 2145 de
1247 2109 1434 2146 Montfort
1473 2108 1599 2145 s’e'tait

193 2171 347 2217 'empare
369 2170 413 2206 de
435 2170 746 2207 Chateauceaux.
770 2170 843 2207 Les
866 2170 1020 2206 chiffres
1041 2170 1227 2216 auxquels
1248 2175 1359 2205 notre
1386 2168 1599 2215 chronique

194 2229 331 2265 estime
363 2228 412 2264 ici
445 2235 482 2264 et
516 2229 671 2265 ailleurs
704 2230 737 2265 le
770 2229 931 2265 nombre
963 2229 1029 2265 des
1062 2233 1217 2275 troupes
1249 2228 1316 2263 des
1346 2228 1447 2264 deux
1480 2227 1599 2274 partis

195 2288 385 2325 semblent
405 2287 719 2324 manifestement
739 2289 936 2335 exegeras.

241 2347 275 2383 ⁶2.
299 2346 490 2393 Quelques
512 2347 719 2383 historiens
740 2347 943 2383 modernes
960 2346 1176 2393 l’appellent
1191 2346 1342 2383 Gautier
1357 2345 1402 2382 de
1419 2345 1569 2382 Glisson
1589 2359 1595 2381 :

194 2409 376 2452 pourtant
396 2404 496 2440 Jean
516 2405 551 2440 le
572 2405 642 2441 Bel
662 2410 699 2441 et
719 2405 911 2441 Froissart
931 2405 987 2440 lui
1007 2404 1180 2441 donnent
1200 2405 1305 2440 aussi
1325 2405 1360 2441 le
1377 2405 1538 2451 prenom
1553 2403 1598 2439 de

194 2463 373 2500 Garnier.
397 2463 430 2498 11
452 2464 517 2511 n'y
539 2475 560 2499 a
580 2475 647 2510 pas
669 2464 713 2501 de
735 2464 864 2500 raison
886 2464 1055 2501 serieuse
1075 2475 1171 2510 pour
1190 2474 1239 2500 ne
1258 2474 1326 2510 pas
1352 2463 1407 2499 lui
1431 2462 1598 2499 mainte-

193 2523 254 2559 nir
276 2533 317 2558 ce
340 2522 507 2558 dernier.

241 2582 273 2617 3.
298 2581 406 2617 Cette
437 2592 639 2628 remarquc
669 2592 718 2617 ne
749 2582 958 2629 s’explique
985 2593 1057 2629 que
1084 2593 1152 2629 par
1178 2583 1215 2618 la
1243 2581 1404 2629 legende
1434 2579 1597 2616 absurde

193 2639 445 2687 qu’exposera
470 2641 555 2686 plus
583 2640 661 2676 loin
689 2645 798 2676 notre
827 2646 978 2688 auteur,
1007 2641 1177 2689 lorsqu’il
1204 2642 1356 2688 parler-a
1384 2640 1450 2675 des
1481 2651 1598 2686 argu-

192 2703 320 2733 ments
355 2709 420 2733 sur
452 2698 619 2745 lesquels
649 2698 937 2746 s'appuyaient,
972 2699 1126 2735 suivant
1158 2700 1232 2746 lui,
1270 2700 1325 2734 les
1356 2697 1596 2744 pre'tentions

195 2757 514 2794 contradictoires
537 2758 581 2794 cle
603 2757 760 2794 Charles
781 2758 825 2794 de
847 2758 952 2794 Blois
973 2764 1010 2795 et
1030 2758 1078 2794 du
1101 2763 1224 2796 comte
1247 2758 1291 2794 de
1313 2756 1508 2793 Montsort.
