1923 3358
69 303 172 348 1340]
343 306 711 339 CHRONOGRAPHIA
737 306 889 339 REGUM
914 306 1022 338 FRAN
1029 305 1190 338 CORUM.
1397 303 1462 340 (ΓΖΕ)

66 385 177 432 bant
201 402 349 448 usque
375 385 434 432 ad
461 386 682 433 suburbia
708 386 813 433 ville
844 386 996 433 Sancti
1028 385 1298 442 Audomari‚
1328 392 1373 432 et
1406 386 1463 433 de

65 469 199 509 nocte
239 463 441 510 maxima
485 463 564 510 lux
607 462 935 525 resplendebat
978 462 1022 508 in
1061 462 1266 509 exercitu
1300 479 1464 510 eorum

63 554 211 601 usque
237 538 295 585 ad
322 540 540 586 Sanctum
565 537 910 593 Audomarum3
932 537 1159 584 faciebant
1185 538 1323 585 etiam
1346 539 1464 585 mul-

64 620 136 661 tos
161 615 360 662 assultus
385 614 432 660 in
457 613 660 676 quodam
685 630 834 676 parvo
859 619 1011 660 castro
1032 614 1219 661 nomine
1239 614 1460 672 Ruhouffl,

62 691 189 754 quod
221 698 292 738 est
323 690 503 738 comitis
529 690 726 738 Arthesii
767 708 775 736 ε
816 689 898 737 sed
937 706 1174 752 nunquam
1211 697 1465 754 potuerunt

62 767 218 830 ipsum
239 766 425 814 lucrari.

126 847 272 891 Porro
296 843 528 891 Robertus
560 842 618 890 de
648 842 862 890 Arthesio
888 842 1037 889 sciens
1063 843 1189 905 quod
1214 860 1299 890 rex
1324 847 1464 892 Fran-

61 920 128 967 cie
154 920 409 967 dimitteret
432 923 691 967 Tornacum
716 926 761 966 et
787 919 968 966 veniret
993 926 1155 966 contra
1181 936 1307 976 eum,
1339 921 1464 968 festi-

59 997 186 1044 navit
206 996 451 1061 negocium
473 1014 607 1044 suum
632 1015 640 1043 :
663 997 737 1044 die
760 996 963 1059 quadam
982 996 1198 1043 mercurii
1212 998 1249 1053 2,
1273 999 1465 1045 manda-

59 1073 126 1120 vit
157 1089 320 1120 omnes
352 1073 616 1137 capitaneos
647 1072 878 1120 exercitus
908 1071 977 1119 sui
1009 1078 1056 1118 et
1086 1071 1202 1119 dixit
1236 1072 1302 1119 eis
1337 1074 1461 1135 quod

58 1149 268 1198 audierat
292 1167 412 1197 nova
439 1150 565 1214 quod
592 1150 681 1196 iret
707 1156 812 1196 ante
840 1149 996 1196 villam
1028 1149 1180 1196 Sancti
1209 1149 1462 1197 Audomari

57 1232 102 1272 et
127 1225 254 1288 quod
278 1225 380 1288 ipsa
405 1225 682 1273 redderetur
703 1224 807 1272 sibi.
835 1225 921 1282 Qui
948 1225 1102 1272 statim
1124 1225 1183 1272 ad
1203 1242 1332 1272 arma
1352 1243 1463 1288 pro-

57 1309 291 1366 perantes,
325 1302 660 1350 ordinaverunt
693 1302 813 1349 acies
848 1318 954 1349 suas
987 1308 1032 1349 et
1063 1320 1089 1348 a
1120 1302 1333 1349 tentoriis
1369 1303 1463 1350 suis

57 1379 364 1435 discedentes,
395 1386 623 1426 venerunt
656 1396 740 1442 per
766 1395 988 1442 magnum
1019 1379 1107 1426 iter
1139 1395 1225 1442 per
1256 1379 1462 1426 medium

56 1454 232 1501 Archas
243 1471 407 1502 versus
423 1457 642 1502 Sanctum
657 1454 993 1510 Audomarum‚
1009 1454 1215 1502 Roberto
1228 1454 1285 1501 de
1297 1455 1462 1503 Arthe-

56 1531 124 1578 sio
145 1531 423 1594 precedente
443 1548 550 1579 cum
569 1531 753 1578 duobus
774 1531 954 1578 vexillis
975 1538 1022 1578 et
1041 1531 1242 1595 Anglicis
1255 1534 1271 1559 3
1290 1538 1336 1578 et
1356 1548 1460 1579 cum

54 1608 370 1672 Brugensibus
395 1614 442 1655 et
467 1608 735 1672 sagittariis.

118 1688 211 1732 Nec
247 1701 428 1732 moram
462 1685 671 1732 fecerunt
701 1685 774 1732 ille
806 1684 944 1740 acies,
980 1684 1129 1732 donec
1158 1685 1372 1732 venirent
1404 1685 1458 1731 ad

54 1761 384 1825 leprosoriam‚
424 1761 504 1809 ubi
544 1762 591 1808 in
629 1761 796 1808 itinere
839 1768 1092 1818 steterunt3
1135 1761 1460 1824 habebantque

53 1838 225 1885 fossata
245 1838 303 1885 ab
324 1844 523 1901 utraque
545 1845 694 1901 parte,
720 1844 772 1886 ut
791 1838 943 1886 nullus
959 1838 1133 1885 valeret
1154 1838 1212 1886 ad
1233 1856 1313 1886 eos
1331 1855 1460 1886 acce-

53 1914 183 1972 dere,
207 1932 386 1962 necnon
404 1922 509 1962 ante
529 1932 578 1962 se
600 1921 853 1979 posuerant
874 1916 1132 1978 bretesques
1157 1915 1334 1979 gallice,
1360 1916 1461 1977 qui-

54 1992 142 2040 bus
161 1998 325 2039 veruta
342 1992 493 2039 ferrea
510 1992 651 2040 infixa
672 1999 818 2050 erant,
841 2010 931 2056 que
951 1992 1140 2055 quidem
1159 1992 1307 2039 velata
1329 1999 1458 2039 erant

102 2127 132 2161 1.
160 2125 235 2161 Sur
255 2136 298 2162 ce
320 2136 424 2172 nom,
446 2137 481 2162 v.
504 2137 632 2172 supra,
660 2138 695 2173 p.
718 2128 754 2172 4,
778 2131 866 2162 note
889 2127 921 2162 6.
951 2126 1023 2160 Les
1046 2126 1207 2162 Grandes
1230 2124 1453 2169 Clzronz'ques

56 2187 95 2228 (t.
126 2184 172 2230 V,
202 2196 238 2231 p.
269 2185 347 2229 392)
376 2190 414 2220 et
448 2185 615 2221 certains
647 2186 883 2222 manuscrits
909 2184 975 2220 des
1008 2186 1208 2219 Ancz‘ennes
1240 2185 1454 2228 clzrom'ques

53 2246 93 2280 de
113 2246 270 2280 Flamire
292 2246 414 2289 (Istore
429 2248 460 2279 et
474 2247 665 2289 croniques
679 2247 720 2280 de
736 2246 923 2288 Flandres,
939 2251 966 2279 t.
983 2243 1014 2289 1,
1031 2255 1066 2289 p.
1084 2243 1162 2287 388)
1180 2243 1306 2279 disent
1321 2254 1393 2290 que
1410 2253 1451 2278 ce

55 2303 218 2339 chateau
240 2303 481 2349 appartenait
507 2314 555 2338 au
576 2303 649 2339 duc
677 2303 722 2339 de
749 2303 1005 2349 Bourgogne3
1035 2301 1201 2337 d‘autres
1228 2301 1399 2338 donnent
1420 2302 1455 2337 la

54 2363 179 2398 meme
209 2362 364 2398 version
398 2373 471 2408 que
504 2367 614 2398 notre
644 2363 866 2409 chronique.
898 2361 990 2397 Cela
1020 2362 1167 2398 revient
1188 2362 1379 2398 d'ailleurs
1408 2373 1454 2396 au

52 2422 194 2467 meme,
220 2432 285 2457 car
304 2421 338 2456 le
365 2421 437 2457 duc
465 2421 510 2457 de
537 2422 766 2469 Bourgogne
794 2422 895 2457 avait
924 2426 1023 2457 cette
1050 2427 1150 2457 terre
1178 2433 1225 2458 en
1255 2421 1383 2457 raison
1410 2421 1454 2455 de

53 2481 89 2516 la
108 2480 328 2527 possession
350 2480 398 2516 du
420 2481 544 2516 comte
566 2481 748 2516 d'ArtoiS.

100 2539 136 2576 2.
159 2540 203 2575 ‘26
230 2539 356 2586 juillet
384 2539 487 2575 1340.
517 2539 617 2575 G⁷est
646 2539 667 2574 a
697 2550 739 2575 ce
771 2539 923 2575 combat
952 2539 996 2575 de
1027 2539 1283 2576 Saint-Omer
1313 2551 1385 2587 que
1416 2550 1453 2573 se

55 2604 278 2646 rapportent
300 2598 354 2634 les
376 2604 486 2634 notes
507 2598 526 2634 3
551 2604 587 2634 et
608 2599 627 2634 4
649 2610 722 2646 que
749 2599 801 2635 M.
824 2599 927 2635 Luce
956 2611 977 2635 a
1003 2599 1174 2636 inserees
1205 2611 1250 2635 au
1279 2605 1379 2635 tome
1406 2598 1455 2643 ΙΙ,

54 2669 89 2705 p.
114 2670 218 2704 xxxi,
241 2658 285 2694 de
308 2669 379 2694 son
401 2657 544 2693 edition
565 2657 609 2693 de
630 2657 833 2693 Froissart.

102 2716 135 2752 3.
158 2718 233 2753 Les
267 2716 367 2752 deux
394 2716 626 2763 chroniques
653 2727 726 2763 que
752 2716 789 2763 je
810 2716 919 2752 viens
947 2716 989 2752 de
1023 2717 1119 2753 citer
1144 2716 1269 2752 disent
1302 2716 1350 2752 ici
1384 2727 1455 2762 que

57 2775 204 2811 Robert
223 2774 395 2811 d’Artois
417 2774 519 2810 avait
542 2786 634 2811 avec
656 2775 710 2810 lui
734 2788 748 2807 «
772 2773 871 2810 deux
892 2774 1069 2811 banieres
1089 2773 1369 2821 d’Angleterre.
1394 2788 1408 2806 »

194 2844 223 2875 11
1290 2843 1309 2875 S}
