1923 3358
375 286 442 324 2¹12
645 288 1013 321 CHRONOGRAPHIA
1039 288 1192 320 REGUM
1217 287 1494 320 FRANCORUM.
1666 285 1770 332 [1345

373 369 499 433 quod
531 383 726 416 concors
760 373 883 414 esset
917 383 1023 414 cum
1061 367 1128 414 eis
1159 373 1206 414 et
1237 367 1363 429 quod
1398 368 1486 414 iret
1517 368 1575 415 ad
1610 385 1771 433 regem

372 446 531 509 Anglie
553 444 610 491 ad
628 443 923 491 referendum
945 443 1296 507 responsionem
1314 460 1502 500 eorum3
1523 444 1602 507 qui
1619 450 1771 493 trans-

370 538 529 569 means
560 520 619 567 ad
654 536 815 584 regem
849 520 1033 584 Anglie,
1081 521 1288 567 narravit
1330 520 1372 568 ei
1413 521 1769 584 responsionem

370 596 762 646 Gandavencium⁴
776 635 786 644 .

432 678 531 732 Quo
565 674 708 731 facto,
752 674 916 737 petivit
955 674 1013 722 ab
1052 691 1107 721 eo
1149 674 1430 738 quingentos
1468 673 1681 722 homines
1720 681 1772 722 ut

367 757 543 799 secrete
568 757 729 814 posset
748 751 1010 799 interficere
1031 751 1289 799 Gerardum
1309 750 1499 798 Dionisii
1523 756 1570 798 et
1589 757 1770 799 ceteros

366 829 623 893 burgenses
648 827 734 875 sibi
753 828 1036 884 contrarios3
1066 828 1137 875 cui
1161 828 1461 875 consenciens
1482 844 1567 874 rex
1586 827 1765 892 Anglie,

364 905 556 953 tradidit
589 905 627 952 ei
665 904 944 969 quingentos
970 905 1210 953 Walenses
1236 910 1457 952 armatos.
1489 907 1544 952 Et
1569 903 1769 953 Jacobus

363 982 472 1029 fecit
496 999 577 1029 eos
605 981 828 1029 abscondi
859 982 905 1028 in
937 988 1066 1028 certo
1097 981 1199 1028 loco
1229 987 1367 1044 atque
1394 981 1570 1028 intrans
1591 980 1764 1036 villam,

362 1059 474 1106 abiit
499 1059 544 1106 in
571 1059 763 1106 domum
792 1075 940 1115 suam,
971 1058 1049 1105 ubi
1076 1058 1248 1105 multos
1273 1058 1332 1105 de
1358 1058 1516 1105 amicis
1536 1059 1632 1105 suis
1658 1074 1768 1106 con-

362 1136 573 1200 gregavit
599 1152 746 1198 usque
772 1135 830 1182 ad
857 1141 1042 1182 centum
1069 1134 1377 1199 quadraginta
1403 1135 1547 1182 viros.

426 1213 615 1260 Interim
642 1213 838 1259 relatum
864 1218 936 1259 est
962 1211 1169 1259 Gerardo
1195 1211 1385 1259 Dionisii
1408 1211 1535 1274 quod
1555 1211 1642 1259 visi
1669 1211 1766 1259 fue-

361 1296 463 1336 rant
483 1289 776 1336 insidiatores
798 1295 929 1335 extra
956 1289 1113 1335 villam
1134 1289 1179 1335 in
1205 1305 1376 1353 magno
1403 1289 1655 1345 numero²3
1685 1288 1765 1352 qui

360 1366 577 1413 dubitans
619 1365 677 1412 de
722 1365 994 1422 traditione,
1039 1365 1146 1413 fecit
1193 1365 1364 1412 armari
1415 1366 1672 1430 burgenses
1717 1371 1764 1412 et

359 1459 575 1507 magnam
615 1449 798 1506 partem
842 1442 1129 1499 communie,
1179 1442 1396 1505 misitque
1439 1442 1651 1490 homines
1701 1441 1759 1489 ad

357 1520 711 1567 custodiendum
733 1525 892 1583 portas
911 1525 958 1566 et
977 1536 1082 1566 cum
1103 1520 1292 1582 reliquis
1309 1519 1421 1567 abiit
1441 1526 1547 1567 ante
1567 1519 1762 1566 domum

356 1597 513 1645 Jacobi
547 1598 604 1644 de
635 1597 899 1645 Arthevella
931 1602 976 1643 et
1009 1613 1258 1660 aggressus
1293 1603 1363 1644 est
1394 1613 1513 1644 earn.
1557 1595 1759 1644 Jacobus

356 1674 621 1736 aliquandiu
647 1673 829 1720 fortiter
858 1673 1031 1720 resistit
1058 1673 1140 1720 sed
1170 1674 1369 1721 finaliter
1394 1674 1544 1721 victus
1571 1680 1617 1720 et
1639 1673 1760 1720 occi-

357 1768 435 1798 sus
461 1757 531 1798 est
557 1767 659 1797 cum
689 1750 906 1797 omnibus
933 1750 1011 1813 qui
1042 1767 1201 1798 secum
1227 1758 1376 1798 erant.

420 1828 592 1892 Anglici
630 1844 742 1873 vero
779 1827 996 1891 fugerunt
1033 1827 1089 1874 ad
1129 1827 1328 1874 tentoria
1368 1844 1449 1874 sua
1495 1833 1540 1874 et
1582 1827 1759 1875 reversi

355 1911 460 1951 sunt
486 1904 543 1951 ad
569 1921 728 1968 regem
755 1904 941 1968 Anglie3
971 1904 1042 1951 cui
1074 1910 1275 1951 mortem
1310 1903 1469 1952 Jacobi
1504 1903 1563 1950 de
1589 1904 1756 1951 Arthe-

355 1981 468 2028 vella
502 1987 547 2028 et
579 1981 771 2028 modum
800 1997 893 2043 quo
926 1981 1163 2028 interierat
1196 1987 1541 2028 reseraverunt.
1577 1982 1661 2039 Qui
1697 1980 1756 2028 de

353 2058 440 2105 hoc
469 2057 614 2105 tristis
641 2064 687 2104 et
711 2058 890 2114 dolens,
922 2074 1031 2104 mox
1059 2074 1275 2122 egressus
1308 2057 1366 2104 de
1397 2057 1545 2105 insula
1571 2057 1629 2106 de
1656 2057 1755 2106 Cai-

353 2141 479 2198 gant,
505 2134 741 2198 ingressus
761 2140 832 2181 est
852 2135 1025 2181 mare3.

402 2286 433 2319 1.
456 2284 508 2320 Ge
528 2284 643 2320 detail
663 2292 720 2321 est
740 2285 1054 2321 manifestement
1076 2286 1177 2321 faux.

398 2342 431 2377 Q.
457 2342 554 2377 Sans
575 2342 688 2378 doute
711 2343 857 2379 Gerard
879 2343 1012 2391 Denys
1034 2343 1100 2379 dut
1124 2343 1214 2378 faire
1235 2343 1356 2389 partie
1378 2343 1426 2379 du
1449 2343 1630 2391 complot,
1651 2343 1752 2390 puis-

351 2400 441 2447 qu’il
462 2400 624 2436 succeda
644 2401 665 2436 ἐι
686 2401 894 2439 Artevelde
916 2402 1012 2438 dans
1034 2402 1067 2438 le
1089 2408 1395 2449 gouvernement
1416 2403 1512 2439 dela
1528 2402 1636 2445 ville;
1653 2406 1751 2438 mais

350 2460 384 2495 le
404 2460 523 2495 baron
545 2460 703 2507 Kcrvyn
733 2461 777 2497 de
803 2462 1044 2498 Lettenhove
1066 2472 1114 2497 ne
1144 2461 1195 2497 dit
1224 2473 1292 2508 pas
1321 2462 1416 2497 dans
1438 2473 1507 2498 son
1530 2463 1685 2498 Histoire
1710 2463 1751 2497 de

349 2520 504 2554 Flandre
535 2523 574 2563 (t.
607 2518 682 2565 ΙΙΙ,
715 2532 747 2565 p.
780 2521 858 2563 296)
891 2521 981 2568 qu’il
1012 2521 1051 2556 fit
1086 2527 1172 2557 tuer
1204 2520 1426 2558 Artevelde.
1459 2520 1622 2557 Celui-ci
1651 2521 1749 2568 perit

349 2588 438 2613 sous
460 2577 513 2612 les
534 2588 651 2623 coups
672 2577 759 2612 d'un
782 2579 960 2623 savctier,
985 2580 1153 2615 Thomas
1175 2579 1323 2627 Denys.

396 2636 429 2671 3.
453 2634 511 2670 On
541 2646 562 2670 a
589 2646 636 2670 vu
668 2646 740 2681 que
774 2636 807 2672 le
837 2636 891 2672 roi
917 2637 1185 2684 d'Angleterre
1217 2637 1341 2673 s’etait
1368 2637 1576 2685 embarque
1603 2638 1636 2673 le
1660 2637 1747 2683 jour

348 2695 472 2729 nieme
493 2694 537 2729 dc
560 2694 595 2729 la
615 2700 714 2729 niort
734 2694 778 2729 ‹lc
799 2695 965 2742 Jacques
987 2695 1246 2741 d’Artevelde,
1270 2702 1386 2733 avant
1408 2696 1493 2733 d’en
1514 2696 1622 2733 avoir
1642 2707 1688 2731 eu
1706 2696 1741 2732 la

348 2753 536 2788 nouvelle.
