1923 3358
130 263 233 309 1346]
399 268 769 301 CHRONOGRAPHIA
794 269 947 302 REGUM
973 269 1250 302 FRANCORUM.
1460 268 1523 305 *2⁶21

127 362 213 393 nos
238 346 344 394 fecit
375 354 535 395 contra
568 349 824 396 exercitum
855 353 1158 406 Francorum,
1193 350 1276 398 sed
1304 351 1475 398 multos
1502 369 1527 398 e

126 422 221 469 suis
247 423 416 471 amisit.
448 429 641 488 Insuper
669 425 946 483 Alexander,
980 427 1254 474 castellanus
1285 427 1343 475 de
1370 428 1527 492 Aguil-

123 498 229 547 lone
246 505 292 547 et
311 500 533 564 tringinta
550 500 718 548 milites
740 501 819 563 qui
840 518 996 548 secum
1018 502 1227 550 exierant
1248 520 1387 567 supra
1408 520 1526 568 pon-

123 581 218 623 tem
244 576 291 623 in
314 577 519 640 quodam
545 577 733 634 insultu,
764 595 790 624 a
816 579 1002 625 Francis
1028 580 1150 641 capti
1177 580 1328 627 sunt1.

187 657 415 718 Tempore
434 671 548 701 vero
570 654 780 718 ejusdem
805 654 1062 702 obsidionis
1087 656 1359 720 Aguillonis,
1387 657 1527 704 adve-

122 730 190 778 nit
226 747 393 795 magna
431 731 625 778 tristicia
666 730 714 776 in
755 731 962 778 exercitu
1004 735 1306 780 Francorum.
1351 734 1527 781 Accidit

122 807 244 855 enim
279 807 481 871 quadam
513 806 588 854 die
622 807 749 869 quod
785 807 962 855 dictum
997 814 1066 855 est
1100 809 1330 873 Philippo,
1369 811 1526 858 comiti

118 883 325 940 Bolonie,
350 883 476 946 quod
495 883 674 946 Anglici
694 883 926 930 irruerant
950 900 1092 947 super
1113 886 1369 933 exercitum
1395 887 1526 935 ducis

116 960 415 1016 Normannie,
445 965 585 1022 atque
612 959 785 1006 bellum
806 960 983 1024 grande
1005 962 1336 1010 commiserant
1362 970 1523 1011 contra

117 1051 251 1092 eum3
294 1035 382 1082 hoc
420 1035 597 1093 audito,
640 1052 797 1083 comes
835 1036 992 1083 statim
1030 1037 1168 1101 jussit
1206 1038 1375 1086 milites
1414 1057 1525 1087 suos

117 1112 305 1159 armari.
336 1115 456 1159 Dum
492 1118 647 1159 autem
679 1118 885 1160 armatus
920 1113 1133 1161 celeriter
1167 1123 1431 1163 accurreret
1466 1117 1524 1164 ad

117 1195 269 1236 castra
290 1188 437 1245 ducis,
463 1205 610 1251 equus
634 1205 746 1236 suus
765 1190 929 1238 cecidit
949 1190 995 1237 in
1023 1192 1226 1253 quodam
1251 1193 1353 1256 (sic)
1379 1194 1524 1241 fossa-

117 1271 214 1312 tum
241 1271 287 1312 et
306 1266 404 1328 ipse
427 1282 533 1312 cum
553 1283 607 1312 eo
629 1266 751 1313 lesus
772 1273 840 1313 est
861 1267 1083 1331 graviter,
1108 1268 1169 1315 ita
1190 1269 1316 1331 quod
1338 1286 1396 1316 ex
1412 1276 1521 1318 tunc

116 1358 209 1389 non
230 1342 375 1390 valuit
394 1359 523 1389 arma
549 1343 701 1400 ferre3
731 1343 876 1390 eciam
902 1350 1011 1407 post
1031 1345 1268 1392 modicum
1293 1348 1521 1410 temporis

115 1419 428 1475 intervallum,
459 1425 673 1466 mortuus
704 1426 791 1467 est.
822 1423 890 1467 Ex
916 1421 1004 1467 hoc
1037 1421 1160 1468 enim
1192 1438 1318 1478 casu,
1348 1423 1522 1486 princi-

114 1512 200 1559 pes
226 1495 458 1542 exercitus
483 1496 684 1543 multum
710 1497 967 1543 contristati
995 1503 1041 1544 et
1063 1498 1237 1545 turbati
1264 1501 1419 1546 sunt2.

180 1574 346 1620 Comes
373 1588 573 1635 namque
603 1572 898 1620 Herbicensis
930 1573 1093 1621 videns
1120 1575 1246 1637 quod
1278 1576 1436 1638 plures
1461 1576 1519 1624 de

115 1649 211 1696 suis
231 1649 479 1705 amisisset,
504 1665 722 1713 egressus
743 1649 800 1696 de
822 1656 974 1697 castro
1001 1650 1059 1697 de
1080 1651 1284 1708 Tombis‚
1315 1652 1520 1699 dimissis

114 1726 288 1774 ibidem
316 1725 546 1782 soldariis,
577 1726 690 1773 abiit
714 1726 1042 1790 Burdegalam,
1072 1727 1275 1790 indeque
1306 1729 1433 1776 misit
1461 1729 1518 1776 ad

72 1794 76 1797 V
114 1819 274 1867 regem
288 1803 449 1867 Anglie
467 1802 660 1850 comites
677 1803 912 1851 Arondelli
934 1810 980 1851 et
1000 1804 1248 1852 Cloeestrie
1269 1805 1327 1852 ad
1344 1806 1517 1853 haben-

114 1878 227 1926 dum
248 1895 537 1926 succursum.
569 1882 687 1926 Dum
713 1886 868 1926 autem
893 1880 982 1943 ipsi
1008 1881 1202 1928 comites
1228 1898 1334 1928 cum
1360 1883 1520 1930 multis

114 1955 378 2003 hominibus
410 1971 650 2002 armorum
685 1955 958 2019 navigarent
985 1955 1032 2002 in
1063 1957 1290 2020 Angliam,
1328 1957 1519 2020 quidam

113 2037 252 2079 nauta
276 2032 502 2088 marinus,
533 2032 719 2079 nomine
745 2032 1018 2080 Marandus3
1046 2033 1123 2095 qui
1151 2050 1310 2081 secum
1338 2041 1518 2082 trecen-

112 2115 186 2156 tos
214 2109 428 2156 homines
457 2107 675 2165 habebat,
706 2109 897 2171 cupiens
924 2108 1257 2172 dampnificare
1277 2111 1513 2175 Anglicos‚

163 2278 195 2313 1.
218 2276 442 2314 Alexandra
464 2277 509 2312 de
530 2277 719 2313 Caumont
740 2277 796 2313 fut
816 2277 893 2324 pris
914 2288 982 2324 par
1003 2277 1149 2313 Robert
1171 2277 1409 2326 d'Augerant
1430 2291 1517 2316 vers

114 2337 150 2374 le
172 2336 214 2373 16
231 2336 315 2383 juin
340 2337 428 2373 1346
449 2336 694 2383 (Bertrandy,
718 2329 829 2371 E'tude
855 2347 921 2371 sur
948 2339 996 2372 les
1022 2338 1239 2382 chroniques
1259 2340 1299 2374 de
1319 2341 1513 2383 Froz'ssart,

160 2453 193 2489 52.
218 2453 392 2499 Philippe
413 2453 458 2489 de
480 2453 711 2500 Bourgogne
726 2458 882 2489 mourut
898 2464 984 2490 vers
1005 2453 1039 2489 le
1058 2453 1077 2490 9
1093 2455 1288 2491 aoat1346
1309 2456 1375 2492 des
1397 2457 1516 2494 suites

112 2512 157 2549 de
179 2523 221 2548 sa
243 2513 357 2549 chute
381 2513 498 2557 (ibid,
523 2523 558 2559 p.
583 2512 677 2558 343).

160 2572 191 2608 3.
217 2570 318 2607 C'est
340 2581 430 2606 sans
450 2570 564 2606 doute
586 2571 620 2606 le
644 2571 770 2607 meme
795 2582 1037 2619 personnage
1063 2583 1135 2619 que
1162 2578 1273 2609 notre
1302 2573 1514 2621 chronique

111 2630 258 2677 appelle
278 2630 362 2676 plus
384 2629 478 2664 haut
501 2633 538 2674 (t.
561 2629 613 2675 ΙΙ,
635 2640 670 2676 p.
695 2630 751 2669 411)
772 2632 1003 2672 Marauldus,
1028 2637 1061 2666 et
1084 2631 1175 2667 dont
1190 2632 1381 2668 Froissart
1403 2632 1513 2678 ecrit,

113 2699 263 2725 comme
284 2688 348 2735 ici,
371 2688 404 2724 le
425 2699 516 2724 nom
539 2698 627 2724 sous
646 2689 682 2724 la
702 2688 823 2724 forme
844 2690 997 2725 Marant
1018 2689 1088 2735 (ed.
1112 2691 1230 2737 Luce,
1246 2698 1273 2727 t.
1290 2690 1360 2737 IV,
1382 2702 1415 2737 p.
1439 2690 1512 2737 30).

115 2747 278 2783 Suivant
298 2746 502 2791 Fr·›issart,
526 2747 677 2783 Marant
698 2747 823 2783 aurait
844 2749 903 2784 ete
924 2748 1131 2796 originaire
1153 2749 1406 2786 d’Abbcville.
