1923 3358
359 282 424 319 314
629 282 998 315 CHRONOGRAPHIA
1026 281 1177 312 REGUM
1203 278 1481 312 FRANCORUM.
1651 277 1755 324 [1367

360 383 379 408 α
411 361 580 410 auxilio
606 360 671 406 uti
695 359 740 405 in
763 357 1021 422 premissis,
1053 373 1133 404 seu
1158 357 1205 403 in
1226 357 1340 420 ipsis
1365 373 1513 421 regno
1542 363 1588 404 et
1615 359 1758 421 parti-

359 459 378 483 «
412 439 498 485 bus
522 438 733 483 incursus
757 434 948 482 hostiles
970 450 1051 481 seu
1083 432 1382 496 predationes
1407 449 1562 495 agere,
1592 433 1759 496 depre-

358 534 377 560 <1
410 514 620 561 dationes
639 513 713 559 vel
732 512 919 576 rapinas
946 510 1238 558 committere
1262 526 1344 557 seu
1367 516 1658 573 perpetrare,
1682 518 1761 558 aut

357 611 376 636 «
410 590 619 637 homines
648 589 694 636 in
724 589 827 653 ipso
853 604 999 652 regno
1019 593 1199 651 captos,
1227 587 1302 634 vel
1329 586 1501 650 predas
1527 603 1608 635 seu
1637 587 1760 650 rapi-

357 687 376 712 «
409 683 491 714 nas
512 666 586 713 vel
610 665 756 729 spolia
785 664 893 711 inde
919 668 1174 727 asportata,
1204 668 1283 710 aut
1304 663 1407 710 talia
1436 669 1760 726 perpetrantes

356 763 376 788 <‹
410 760 490 791 seu
515 742 877 798 committentes,
905 747 983 788 aut
1004 740 1247 787 societates
1266 739 1393 802 ipsas
1410 740 1482 787 vel
1505 739 1681 802 aliquas
1703 757 1759 787 ex

357 840 377 865 <i
408 821 473 867 eis
499 836 606 867 cum
631 818 796 882 preda,
827 818 899 865 vel
927 818 1024 865 sine
1052 817 1214 880 preda,
1251 816 1468 871 scienter,
1502 816 1761 863 voluntarie

357 918 376 943 α
408 904 454 945 et
482 897 640 945 dolose
670 902 929 959 receptare,
954 895 1026 941 vel
1053 911 1159 942 cum
1185 894 1251 941 eis
1278 893 1462 957 publice
1484 893 1556 940 vel
1583 893 1760 941 occulte

355 995 375 1020 a
408 974 712 1038 participare,
762 979 840 1020 aut
890 988 1053 1019 eorum
1103 971 1315 1018 subditos
1359 970 1486 1033 quod
1533 971 1758 1034 premissa

356 1071 375 1096 «
409 1051 579 1098 faciant
603 1050 676 1097 vel
701 1049 991 1096 committant
1012 1047 1267 1095 concedere
1289 1063 1370 1094 seu
1390 1046 1662 1110 permittere
1682 1054 1760 1094 aut

355 1148 374 1173 «
408 1128 659 1182 sustinere,
695 1127 732 1174 si
765 1127 852 1173 hoc
885 1125 1106 1173 sciverint
1137 1130 1184 1171 et
1217 1124 1456 1187 potuerint
1488 1124 1755 1187 prohibere,

355 1225 374 1249 c<
406 1212 484 1252 aut
521 1205 588 1251 eis
633 1204 845 1258 bladum,
891 1218 1083 1265 panem,
1129 1202 1312 1255 vinum,
1359 1217 1547 1257 carnes,
1591 1217 1754 1264 equos,

353 1301 373 1326 <‹
407 1298 557 1337 arma,
601 1297 794 1335 currus,
845 1278 1027 1343 navigia
1080 1284 1159 1326 aut
1203 1294 1478 1341 quecunque
1523 1276 1755 1330 victualia,

354 1379 374 1403 «
408 1359 643 1422 pecunias,
669 1374 849 1405 merces
873 1357 945 1404 vel
964 1373 1041 1404 res
1062 1356 1240 1419 aliquas
1262 1372 1352 1418 que
1370 1355 1421 1402 -in
1441 1371 1605 1402 eorum
1631 1371 1759 1402 com-

355 1456 374 1481 «
407 1436 600 1483 modum
632 1435 798 1483 cedere
833 1435 1016 1481 valeant
1051 1433 1254 1489 deferre,
1293 1438 1500 1495 portare,
1539 1432 1651 1479 dare
1686 1431 1758 1479 vel

355 1533 375 1558 α
407 1513 680 1569 concedere,
701 1518 781 1560 aut
800 1512 859 1559 ab
882 1511 1056 1558 eisdem
1079 1511 1248 1574 predas
1275 1516 1322 1557 et
1346 1509 1612 1573 hujusmodi
1635 1508 1759 1556 bona

355 1610 374 1634 (ι
407 1596 539 1653 rapta
572 1605 727 1636 emere
759 1589 831 1635 vel
866 1588 975 1635 alias
1008 1588 1390 1651 qualitercunque
1421 1587 1647 1649 recipere,
1680 1592 1759 1633 aut

354 1686 373 1710 «
406 1667 517 1713 alias
550 1666 594 1712 in
630 1665 870 1728 premissis
905 1664 1128 1711 faciendis
1155 1664 1225 1710 vel
1265 1662 1610 1710 committendis
1646 1661 1757 1709 dare

329 1725 374 1787 ἀ
406 1743 666 1797 consilium,
697 1742 918 1788 auxilium
944 1741 1017 1788 vel
1051 1740 1259 1787 favorem
1291 1738 1626 1802 quoquomodo
1651 1755 1758 1802 pre-

354 1838 372 1862 «
404 1825 573 1874 sumat,
605 1817 808 1880 alioquin
836 1833 999 1864 omnes
1031 1823 1077 1862 et
1110 1816 1317 1879 singulos
1344 1815 1676 1879 cujuscunque,
1707 1822 1757 1862 ut

354 1913 374 1938 a
406 1894 709 1957 premittitur,
734 1892 1095 1956 preeminencie,
1117 1891 1372 1956 dignitatis,
1397 1898 1560 1945 status,
1579 1890 1758 1939 ordinis

353 1989 372 2014 «
406 1971 477 2017 vel
504 1969 810 2017 condictionis
835 1969 1053 2023 existant,
1087 1968 1166 2031 qui
1193 1973 1355 2015 contra
1379 1966 1755 2015 constitutionem

353 2067 373 2091 (ι
405 2054 450 2094 et
468 2046 830 2110 prohibitionem
853 2052 1036 2092 nostras
1056 2045 1320 2109 hujusmodi
1344 2044 1494 2092 facere
1510 2044 1581 2091 vel
1596 2044 1757 2092 venire

353 2143 373 2168 «
404 2130 484 2170 aut
520 2123 780 2186 aliqualiter
814 2128 1094 2186 attemptare
1135 2121 1527 2185 presumpserint.
1568 2124 1755 2169 Necnon

353 2220 372 2243 «
404 2201 505 2247 illos
540 2201 619 2263 qui
650 2200 861 2247 subditos
898 2216 1008 2247 suos
1043 2199 1100 2246 ad
1133 2198 1396 2263 hujusmodi
1425 2198 1598 2246 scelera
1628 2214 1756 2245 com-

352 2297 371 2321 «
405 2277 627 2324 mittenda
654 2278 698 2323 in
726 2277 901 2325 dictum
935 2292 1132 2341 regnum
1165 2276 1385 2323 duxerint
1420 2292 1501 2323 seu
1538 2275 1756 2322 transmi-

354 2373 373 2398 (ι
405 2354 567 2409 serint,
598 2360 818 2416 tanquam
849 2354 1052 2400 fautores
1079 2352 1343 2417 hujusmodi
1371 2353 1750 2415 dampnatorum,

352 2449 372 2474 «
405 2430 895 2478 excommunicationis
934 2430 1219 2477 sentenciam
1263 2430 1502 2477 incurrere
1541 2429 1755 2477 volumus

353 2525 372 2550 ε(
404 2506 506 2569 ipso
526 2505 661 2561 factO,
687 2513 913 2554 eteorum
935 2512 1083 2553 terras
1104 2513 1150 2553 et
1168 2506 1266 2553 loca
1287 2506 1492 2569 quelibet
1510 2505 1754 2553 interdicto

354 2601 373 2625 «
406 2581 716 2628 ecclesiastico
754 2583 1016 2646 subjacere,
1058 2583 1117 2629 ita
1162 2582 1374 2629 videlicet
1414 2581 1541 2645 quod
1583 2582 1748 2634 nullus,

356 2678 374 2702 (ι
408 2665 707 2722 preterquam
744 2658 788 2704 in
832 2660 996 2707 mortis
1030 2659 1246 2715 articulo,
1286 2659 1344 2706 ab
1379 2658 1752 2706 excommunica-

356 2753 375 2778 «
408 2735 546 2782 tionis
572 2735 749 2782 absolvi
778 2736 1009 2784 sentencia
1047 2753 1130 2783 nec
1162 2736 1458 2784 interdictum
1487 2734 1750 2799 hujusmodi
