1923 3358
105 280 321 326 1337-1338]
373 283 744 316 CHRONOGRAPHIA
769 283 922 315 REGUM
945 282 1223 314 FRANCORUM.
1455 280 1500 316 59

99 361 349 419 debebant,
387 379 443 408 eo
479 361 606 425 quod
640 361 837 408 inimicis
871 362 969 422 ejus
1004 359 1234 424 conjuncti
1267 366 1423 408 essent
1456 366 1502 408 et

98 438 247 503 patrie
273 455 354 485 sue
375 438 506 503 juxta
532 455 671 501 posse
695 443 931 484 nocerent.
955 436 1079 484 Fecit
1099 453 1211 500 ergo
1231 436 1500 484 mandatum

97 514 224 577 quod
261 531 423 562 omnes
455 514 634 561 nobiles
666 514 800 577 regni
830 513 897 560 sui
935 514 1236 561 convenirent
1264 512 1502 561 Ambianis

97 591 248 654 prima
271 591 346 638 die
366 590 548 654 augusti
567 589 675 636 anni
693 588 1076 643 Micccixxxivni,
1099 589 1196 645 ubi,
1220 595 1502 653 congregato

97 683 267 731 magno
284 667 510 723 exercitu,
532 666 718 712 fuerunt
737 681 823 727 per
844 681 926 711 sex
944 665 1229 712 ebdomadas
1243 667 1316 712 vel
1333 665 1498 713 circa1.

97 747 260 791 Postea
285 759 398 790 vero
421 759 522 799 rex,
548 742 671 789 nulla
697 758 747 788 re
773 746 892 799 acta,
916 741 974 788 de
994 741 1234 789 Ambianis
1258 742 1498 799 recedens,

95 837 314 868 reversus
339 825 410 867 est
435 819 481 866 in
507 819 765 866 Franciam.

158 900 304 944 Porro
333 895 589 943 cardinales
622 896 700 959 qui
733 901 865 942 erant
891 895 936 941 in
962 894 1141 958 Anglia,
1170 900 1352 942 tantum
1384 896 1504 942 fece-

93 980 202 1021 runt
233 974 358 1037 apud
391 989 551 1037 regem
583 973 746 1037 Anglie
779 972 905 1036 quod
937 973 1063 1019 misit
1092 989 1200 1020 cum
1232 972 1298 1020 eis
1324 972 1504 1036 episco-

94 1066 207 1113 pum
230 1051 607 1099 Cantuariensem
633 1056 679 1097 et
705 1050 977 1114 episcopum
998 1050 1401 1106 Dunelmensem²3
1424 1049 1503 1113 qui

93 1126 330 1173 venientes
355 1126 413 1173 ad
438 1142 598 1190 regem
618 1126 824 1183 Francie‚
849 1126 1164 1188 requisierunt
1184 1125 1225 1172 ei
1246 1125 1373 1188 quod
1395 1141 1505 1171 con-

94 1202 310 1250 cordaret
337 1203 436 1250 fieri
470 1203 753 1265 colloquium
787 1208 949 1249 contra
970 1219 1130 1266 regem
1156 1202 1318 1266 Anglie
1343 1219 1352 1248 :
1377 1203 1504 1264 quod

92 1279 195 1325 fieri
220 1279 556 1326 concordatum
583 1286 653 1326 est
679 1279 803 1342 apud
829 1278 1145 1327 Attrebatum.

159 1355 321 1403 Statim
342 1372 457 1402 vero
478 1355 605 1418 quod
627 1356 883 1403 cardinales
900 1356 1075 1419 egressi
1093 1361 1201 1403 sunt
1217 1355 1276 1402 de
1292 1354 1501 1419 Anglia3‚

93 1432 263 1480 missus
295 1437 366 1479 est
397 1448 479 1479 seu
512 1432 753 1479 ordinatus
785 1431 1077 1480 Edowardus
1108 1431 1166 1479 de
1197 1431 1414 1478 Bailleolo
1446 1430 1505 1477 ad

92 1507 420 1557 custodiendas
441 1514 601 1571 partes
627 1515 865 1556 extremas
886 1509 1047 1573 Anglie
1068 1525 1232 1555 versus
1254 1507 1500 1564 Scotiam4‚

142 1691 174 1725 1.
197 1690 230 1726 Il
249 1702 275 1738 y
297 1689 401 1726 avait
421 1690 511 1725 bien
533 1700 581 1725 eu
600 1700 698 1737 pour
717 1689 752 1726 le
776 1690 828 1725 1²¹·
849 1692 940 1726 aout
957 1689 1047 1726 1337
1064 1700 1140 1725 une
1155 1690 1346 1737 premiere
1367 1701 1505 1727 convo-

92 1749 222 1786 cation
242 1748 287 1786 de
309 1759 403 1796 gens
430 1748 617 1792 d'armes;
641 1748 796 1785 celle-ci
828 1749 931 1785 avait
958 1749 1018 1784 ete‘
1045 1749 1221 1796 reportee
1247 1749 1400 1786 ensuite
1428 1761 1505 1786 aux

92 1809 276 1846 environs
297 1809 345 1845 du
367 1809 411 1846 22
427 1809 642 1856 septembre
660 1808 772 1856 (Bibl.
790 1813 887 1853 nat,
906 1808 1112 1845 collection
1127 1808 1335 1855 DecampS‚
1352 1810 1426 1846 vol.
1444 1810 1504 1856 83,

91 1868 155 1904 fol.
182 1869 275 1914 156).
299 1868 331 1903 Il
352 1880 375 1915 y
395 1874 460 1904 eut
481 1880 534 1903 un
555 1879 734 1904 nonve-au
756 1867 1078 1904 rassemblement
1099 1868 1120 1903 a
1139 1867 1306 1903 Amiens
1326 1879 1374 1903 en
1391 1868 1502 1912 1338;

90 1925 147 1960 les
170 1931 327 1972 troupes
352 1936 392 1961 se
415 1925 617 1961 reunirent
639 1930 740 1961 cette
767 1924 838 1960 fois
859 1924 926 1961 des
958 1926 993 1961 le
1023 1925 1140 1962 debut
1167 1926 1217 1962 du
1246 1925 1345 1961 mois
1375 1925 1503 1963 d'aout

92 1986 211 2029 (Ibat,
236 1985 300 2020 fol.
322 1984 390 2020 223
412 1988 480 2029 v0).

138 2043 172 2079 2.
194 2043 283 2080 Une
312 2043 502 2090 premiere
529 2043 757 2079 ambassade
786 2032 1003 2079 d'Edouard
1026 2043 1083 2079 HI
1112 2043 1168 2079 fut
1199 2043 1415 2080 constituae
1435 2055 1504 2091 par

90 2102 225 2138 lettres
246 2101 296 2137 du
316 2101 358 2137 21
379 2102 465 2149 juin
487 2101 591 2138 1338.
609 2101 730 2138 Outre
745 2102 800 2137 les
820 2112 932 2138 noms
954 2102 1049 2138 cites
1064 2113 1132 2148 par
1146 2107 1257 2137 notre
1273 2102 1500 2149 chronique,

93 2161 165 2197 elle
188 2162 428 2208 comprenait
447 2161 543 2198 trois
565 2168 694 2198 autres
714 2172 993 2209 personnages‚
1010 2164 1102 2198 dont
1117 2161 1297 2209 Geoffroy
1311 2162 1365 2199 Le
1381 2162 1502 2210 Scrop

93 2220 270 2268 fflymer,
292 2220 350 2256 ed.
373 2220 418 2256 de
441 2221 545 2266 1821,
566 2226 594 2257 t.
616 2221 669 2266 H,
691 2221 729 2257 2Ε
748 2221 884 2267 partie,
902 2232 937 2268 p.
958 2221 1074 2266 1043),
1092 2225 1142 2266 et,
1161 2231 1210 2257 en
1231 2226 1356 2267 outre,
1378 2221 1413 2258 le
1428 2222 1501 2258 duc

90 2277 136 2314 de
156 2277 330 2313 Brabant
351 2283 388 2314 et
406 2278 460 2313 les
477 2284 623 2315 comtes
639 2278 683 2315 de
701 2278 876 2314 Hainaut
889 2284 926 2314 et
941 2278 985 2313 de
1002 2277 1170 2314 Gueldre
1188 2278 1308 2324 (Ibid.,
1325 2290 1362 2325 p.
1381 2279 1498 2324 1044).

90 2337 178 2375 Une
200 2337 365 2374 seconde
386 2338 548 2374 mission
569 2338 626 2374 fut
646 2338 802 2375 decidee
822 2350 890 2385 par
913 2338 1043 2374 lettres
1059 2337 1107 2374 du
1125 2339 1167 2375 15
1182 2338 1393 2375 novembre
1411 2339 1499 2375 1328

93 2399 212 2443 (Ibat,
234 2408 271 2443 p.
297 2397 414 2439 1065).

138 2457 172 2493 3.
194 2457 269 2492 Les
290 2455 503 2493 cardinaux
531 2456 743 2503 quitterent
771 2454 1030 2503 l'Angleterre
1057 2467 1151 2493 avec
1179 2457 1234 2493 les
1255 2457 1499 2504 plenipoten-

88 2514 224 2550 tiaires
245 2505 460 2550 d’Edouard
479 2514 551 2550 III.
575 2514 645 2561 (Cf.
668 2515 724 2551 les
745 2515 878 2551 lettres
899 2514 949 2551 du
969 2515 1013 2551 23
1032 2515 1118 2563 juin
1141 2516 1245 2552 1338.
1269 2536 1312 2542 -
1334 2516 1498 2563 Rymer,

88 2572 148 2609 ed.
171 2573 216 2609 de
242 2573 343 2615 1821,
367 2577 391 2608 t.
418 2573 469 2619 ΙΙ,
492 2573 527 2608 2ε
546 2574 684 2620 partie,
705 2585 741 2620 p.
767 2574 889 2615 1045.)

135 2633 170 2667 4.
193 2631 245 2666 Le
268 2631 312 2667 30
331 2631 456 2678 juillet
479 2632 583 2676 1338,
606 2632 639 2668 le
661 2632 717 2668 roi
738 2632 1006 2679 d’Angleterre
1025 2633 1154 2668 donna
1168 2632 1234 2668 des
1249 2632 1380 2668 ordres
1400 2643 1497 2678 pour

90 2691 183 2727 faire
205 2691 336 2738 garnir
356 2691 401 2728 de
422 2691 550 2728 vivres
577 2692 632 2728 les
652 2692 780 2740 places
806 2692 896 2740 qu’il
923 2693 1102 2740 occupait
1123 2704 1172 2729 en
1200 2683 1345 2729 Ecosse
1368 2693 1490 2735 (Ibid.‚

88 2762 124 2797 p.
149 2751 268 2793 1052).
