<?xml version="1.0" encoding="UTF-8"?>
<!DOCTYPE html PUBLIC "-//W3C//DTD XHTML 1.0 Transitional//EN"
    "http://www.w3.org/TR/xhtml1/DTD/xhtml1-transitional.dtd">
<html xmlns="http://www.w3.org/1999/xhtml" xml:lang="en" lang="en">
 <head>
  <title>
</title>
<meta http-equiv="Content-Type" content="text/html;charset=utf-8" />
  <meta name='ocr-system' content='tesseract 3.04.00' />
  <meta name='ocr-capabilities' content='ocr_page ocr_carea ocr_par ocr_line ocrx_word'/>
</head>
<body>
  <div class='ocr_page' id='page_1' title='image "./chronographiareg02mora_0128.png"; bbox 0 0 1923 3358; ppageno 0'>
   <div class='ocr_carea' id='block_1_1' title="bbox 445 257 1842 305">
    <p class='ocr_par' dir='ltr' id='par_1_1' title="bbox 445 257 1842 305">
     <span class='ocr_line' id='line_1_1' title="bbox 445 257 1842 305; baseline -0.005 -5"><span class='ocrx_word' id='word_1_1' title='bbox 445 263 509 300; x_wconf 78' lang='lat'>116</span> <span class='ocrx_word' id='word_1_2' title='bbox 721 263 1093 297; x_wconf 84' lang='lat' dir='ltr'><strong>CHRONOGRAPHIA</strong></span> <span class='ocrx_word' id='word_1_3' title='bbox 1120 260 1273 294; x_wconf 86' lang='lat' dir='ltr'><strong>REGUM</strong></span> <span class='ocrx_word' id='word_1_4' title='bbox 1298 261 1576 294; x_wconf 83' lang='lat' dir='ltr'><strong>FRANCORUM.</strong></span> <span class='ocrx_word' id='word_1_5' title='bbox 1738 257 1842 305; x_wconf 87' lang='lat'>[1340</span> 
     </span>
    </p>
   </div>
   <div class='ocr_carea' id='block_1_2' title="bbox 425 341 1845 1873">
    <p class='ocr_par' dir='ltr' id='par_1_2' title="bbox 438 341 1845 715">
     <span class='ocr_line' id='line_1_2' title="bbox 442 341 1845 406; baseline -0.004 -11"><span class='ocrx_word' id='word_1_6' title='bbox 442 363 547 395; x_wconf 90' lang='lat' dir='ltr'>cum</span> <span class='ocrx_word' id='word_1_7' title='bbox 574 344 790 393; x_wconf 90' lang='lat' dir='ltr'>omnibus</span> <span class='ocrx_word' id='word_1_8' title='bbox 816 360 906 406; x_wconf 92' lang='lat' dir='ltr'>que</span> <span class='ocrx_word' id='word_1_9' title='bbox 931 342 1131 390; x_wconf 86' lang='lat' dir='ltr'>habebat</span> <span class='ocrx_word' id='word_1_10' title='bbox 1155 342 1272 389; x_wconf 89' lang='lat' dir='ltr'>liber</span> <span class='ocrx_word' id='word_1_11' title='bbox 1290 342 1418 399; x_wconf 86' lang='lat' dir='ltr'>exiit,</span> <span class='ocrx_word' id='word_1_12' title='bbox 1446 341 1598 390; x_wconf 87' lang='lat' dir='ltr'>tribus</span> <span class='ocrx_word' id='word_1_13' title='bbox 1625 342 1845 406; x_wconf 88' lang='lat' dir='ltr'>septima-</span> 
     </span>
     <span class='ocr_line' id='line_1_3' title="bbox 440 419 1844 486; baseline -0.002 -16"><span class='ocrx_word' id='word_1_14' title='bbox 440 424 511 470; x_wconf 91' lang='lat' dir='ltr'>nis</span> <span class='ocrx_word' id='word_1_15' title='bbox 550 423 684 486; x_wconf 86' lang='lat' dir='ltr'>hujus</span> <span class='ocrx_word' id='word_1_16' title='bbox 724 420 980 468; x_wconf 85' lang='lat' dir='ltr'>obsidionis</span> <span class='ocrx_word' id='word_1_17' title='bbox 1019 420 1280 467; x_wconf 78' lang='lat' dir='ltr'>transactis.</span> <span class='ocrx_word' id='word_1_18' title='bbox 1323 419 1478 467; x_wconf 83' lang='lat' dir='ltr'>Gallici</span> <span class='ocrx_word' id='word_1_19' title='bbox 1512 425 1667 467; x_wconf 90' lang='lat' dir='ltr'>autem</span> <span class='ocrx_word' id='word_1_20' title='bbox 1700 421 1844 468; x_wconf 87' lang='lat' dir='ltr'>intra-</span> 
     </span>
     <span class='ocr_line' id='line_1_4' title="bbox 439 496 1844 562; baseline -0.001 -16"><span class='ocrx_word' id='word_1_21' title='bbox 439 505 607 547; x_wconf 87' lang='lat' dir='ltr'>verunt</span> <span class='ocrx_word' id='word_1_22' title='bbox 641 498 902 555; x_wconf 85' lang='lat' dir='ltr'>castellum,</span> <span class='ocrx_word' id='word_1_23' title='bbox 936 505 1075 561; x_wconf 87' lang='lat' dir='ltr'>atque</span> <span class='ocrx_word' id='word_1_24' title='bbox 1104 497 1237 562; x_wconf 90' lang='lat' dir='ltr'>jussu</span> <span class='ocrx_word' id='word_1_25' title='bbox 1272 496 1425 553; x_wconf 88' lang='lat' dir='ltr'>ducis,</span> <span class='ocrx_word' id='word_1_26' title='bbox 1459 497 1614 560; x_wconf 90' lang='lat' dir='ltr'>ipsum</span> <span class='ocrx_word' id='word_1_27' title='bbox 1641 498 1844 545; x_wconf 87' lang='lat' dir='ltr'>totaliter</span> 
     </span>
     <span class='ocr_line' id='line_1_5' title="bbox 438 574 1844 638; baseline 0.001 -16"><span class='ocrx_word' id='word_1_28' title='bbox 438 575 769 623; x_wconf 80' lang='lat' dir='ltr'>destruxerunt</span> <span class='ocrx_word' id='word_1_29' title='bbox 799 581 846 623; x_wconf 90' lang='lat' dir='ltr'>et</span> <span class='ocrx_word' id='word_1_30' title='bbox 877 592 1024 638; x_wconf 90' lang='lat' dir='ltr'>usque</span> <span class='ocrx_word' id='word_1_31' title='bbox 1050 574 1109 622; x_wconf 86' lang='lat' dir='ltr'>ad</span> <span class='ocrx_word' id='word_1_32' title='bbox 1136 574 1436 622; x_wconf 84' lang='lat' dir='ltr'>fundamenta</span> <span class='ocrx_word' id='word_1_33' title='bbox 1461 574 1560 622; x_wconf 91' lang='lat' dir='ltr'>solo</span> <span class='ocrx_word' id='word_1_34' title='bbox 1587 579 1712 622; x_wconf 87' lang='lat' dir='ltr'>terre</span> <span class='ocrx_word' id='word_1_35' title='bbox 1737 591 1844 623; x_wconf 90' lang='lat' dir='ltr'>coe-</span> 
     </span>
     <span class='ocr_line' id='line_1_6' title="bbox 438 653 746 715; baseline 0 -15"><span class='ocrx_word' id='word_1_36' title='bbox 438 653 746 715; x_wconf 84' lang='lat' dir='ltr'>quaverunt¹.</span> 
     </span>
    </p>

    <p class='ocr_par' dir='ltr' id='par_1_3' title="bbox 433 728 1842 1254">
     <span class='ocr_line' id='line_1_7' title="bbox 501 728 1842 791; baseline -0.001 -15"><span class='ocrx_word' id='word_1_37' title='bbox 501 729 698 787; x_wconf 85' lang='lat' dir='ltr'>Quidam</span> <span class='ocrx_word' id='word_1_38' title='bbox 723 735 879 776; x_wconf 88' lang='lat' dir='ltr'>autem</span> <span class='ocrx_word' id='word_1_39' title='bbox 906 728 1216 777; x_wconf 88' lang='lat' dir='ltr'>soldariorum</span> <span class='ocrx_word' id='word_1_40' title='bbox 1241 728 1414 775; x_wconf 80' lang='lat' dir='ltr'>castelli</span> <span class='ocrx_word' id='word_1_41' title='bbox 1439 732 1735 776; x_wconf 89' lang='lat' dir='ltr'>recesserunt</span> <span class='ocrx_word' id='word_1_42' title='bbox 1756 744 1842 791; x_wconf 89' lang='lat' dir='ltr'>per</span> 
     </span>
     <span class='ocr_line' id='line_1_8' title="bbox 436 805 1841 870; baseline -0.002 -16"><span class='ocrx_word' id='word_1_43' title='bbox 436 808 788 863; x_wconf 85' lang='lat' dir='ltr'>Ostrevantum,</span> <span class='ocrx_word' id='word_1_44' title='bbox 832 805 1092 870; x_wconf 83' lang='lat' dir='ltr'>elongando</span> <span class='ocrx_word' id='word_1_45' title='bbox 1136 805 1410 853; x_wconf 85' lang='lat' dir='ltr'>Hanoniam.</span> <span class='ocrx_word' id='word_1_46' title='bbox 1454 806 1688 854; x_wconf 87' lang='lat' dir='ltr'>Gerardus</span> <span class='ocrx_word' id='word_1_47' title='bbox 1726 820 1841 852; x_wconf 91' lang='lat' dir='ltr'>vero</span> 
     </span>
     <span class='ocr_line' id='line_1_9' title="bbox 434 883 1840 947; baseline -0.001 -16"><span class='ocrx_word' id='word_1_48' title='bbox 434 884 673 947; x_wconf 89' lang='lat' dir='ltr'>predictus</span> <span class='ocrx_word' id='word_1_49' title='bbox 699 884 811 931; x_wconf 79' lang='lat' dir='ltr'>abiit</span> <span class='ocrx_word' id='word_1_50' title='bbox 839 883 896 931; x_wconf 93' lang='lat' dir='ltr'>ad</span> <span class='ocrx_word' id='word_1_51' title='bbox 924 883 1183 931; x_wconf 87' lang='lat' dir='ltr'>Condetum</span> <span class='ocrx_word' id='word_1_52' title='bbox 1209 900 1350 947; x_wconf 88' lang='lat' dir='ltr'>super</span> <span class='ocrx_word' id='word_1_53' title='bbox 1371 883 1604 941; x_wconf 73' lang='lat' dir='ltr'>scaldum,</span> <span class='ocrx_word' id='word_1_54' title='bbox 1629 883 1709 930; x_wconf 91' lang='lat' dir='ltr'>ubi</span> <span class='ocrx_word' id='word_1_55' title='bbox 1732 899 1840 946; x_wconf 88' lang='lat' dir='ltr'>cap-</span> 
     </span>
     <span class='ocr_line' id='line_1_10' title="bbox 434 958 1840 1023; baseline -0.002 -15"><span class='ocrx_word' id='word_1_56' title='bbox 434 966 509 1008; x_wconf 89' lang='lat' dir='ltr'>tus</span> <span class='ocrx_word' id='word_1_57' title='bbox 535 967 606 1008; x_wconf 89' lang='lat' dir='ltr'>est</span> <span class='ocrx_word' id='word_1_58' title='bbox 630 978 656 1007; x_wconf 88' lang='lat' dir='ltr'>a</span> <span class='ocrx_word' id='word_1_59' title='bbox 682 960 867 1007; x_wconf 82' lang='lat' dir='ltr'>baillivo</span> <span class='ocrx_word' id='word_1_60' title='bbox 893 960 998 1007; x_wconf 92' lang='lat' dir='ltr'>ville</span> <span class='ocrx_word' id='word_1_61' title='bbox 1024 959 1102 1022; x_wconf 90' lang='lat' dir='ltr'>qui</span> <span class='ocrx_word' id='word_1_62' title='bbox 1124 959 1220 1023; x_wconf 86' lang='lat' dir='ltr'>jam</span> <span class='ocrx_word' id='word_1_63' title='bbox 1248 959 1422 1006; x_wconf 87' lang='lat' dir='ltr'>sciebat</span> <span class='ocrx_word' id='word_1_64' title='bbox 1447 958 1573 1022; x_wconf 90' lang='lat' dir='ltr'>quod</span> <span class='ocrx_word' id='word_1_65' title='bbox 1600 959 1840 1006; x_wconf 87' lang='lat' dir='ltr'>castellum</span> 
     </span>
     <span class='ocr_line' id='line_1_11' title="bbox 433 1035 1841 1099; baseline -0.001 -15"><span class='ocrx_word' id='word_1_66' title='bbox 433 1037 730 1093; x_wconf 87' lang='lat' dir='ltr'>reddiderat;</span> <span class='ocrx_word' id='word_1_67' title='bbox 768 1036 825 1084; x_wconf 90' lang='lat' dir='ltr'>ad</span> <span class='ocrx_word' id='word_1_68' title='bbox 861 1036 1118 1083; x_wconf 81' lang='lat' dir='ltr'>videndum</span> <span class='ocrx_word' id='word_1_69' title='bbox 1156 1052 1344 1099; x_wconf 88' lang='lat' dir='ltr'>quoque</span> <span class='ocrx_word' id='word_1_70' title='bbox 1382 1037 1419 1083; x_wconf 89' lang='lat' dir='ltr'>si</span> <span class='ocrx_word' id='word_1_71' title='bbox 1457 1036 1545 1083; x_wconf 92' lang='lat' dir='ltr'>hoc</span> <span class='ocrx_word' id='word_1_72' title='bbox 1577 1035 1750 1084; x_wconf 83' lang='lat' dir='ltr'>fecerat</span> <span class='ocrx_word' id='word_1_73' title='bbox 1782 1036 1841 1083; x_wconf 91' lang='lat' dir='ltr'>de</span> 
     </span>
     <span class='ocr_line' id='line_1_12' title="bbox 435 1112 1842 1177; baseline -0.001 -16"><span class='ocrx_word' id='word_1_74' title='bbox 435 1131 661 1161; x_wconf 91' lang='lat' dir='ltr'>consensu</span> <span class='ocrx_word' id='word_1_75' title='bbox 695 1114 894 1169; x_wconf 73' lang='lat' dir='ltr'>comitis,</span> <span class='ocrx_word' id='word_1_76' title='bbox 924 1113 1152 1161; x_wconf 87' lang='lat' dir='ltr'>miserunt</span> <span class='ocrx_word' id='word_1_77' title='bbox 1183 1130 1289 1160; x_wconf 89' lang='lat' dir='ltr'>eum</span> <span class='ocrx_word' id='word_1_78' title='bbox 1323 1113 1409 1160; x_wconf 91' lang='lat' dir='ltr'>sibi</span> <span class='ocrx_word' id='word_1_79' title='bbox 1443 1113 1568 1177; x_wconf 89' lang='lat' dir='ltr'>apud</span> <span class='ocrx_word' id='word_1_80' title='bbox 1593 1113 1751 1160; x_wconf 88' lang='lat' dir='ltr'>villam</span> <span class='ocrx_word' id='word_1_81' title='bbox 1783 1112 1842 1160; x_wconf 91' lang='lat' dir='ltr'>de</span> 
     </span>
     <span class='ocr_line' id='line_1_13' title="bbox 433 1190 1833 1254; baseline -0.002 -14"><span class='ocrx_word' id='word_1_82' title='bbox 433 1192 680 1249; x_wconf 84' lang='lat' dir='ltr'>Montibus,</span> <span class='ocrx_word' id='word_1_83' title='bbox 699 1192 778 1254; x_wconf 89' lang='lat' dir='ltr'>qui</span> <span class='ocrx_word' id='word_1_84' title='bbox 796 1192 893 1238; x_wconf 90' lang='lat' dir='ltr'>sine</span> <span class='ocrx_word' id='word_1_85' title='bbox 911 1208 1041 1239; x_wconf 89' lang='lat' dir='ltr'>mora</span> <span class='ocrx_word' id='word_1_86' title='bbox 1060 1191 1167 1238; x_wconf 84' lang='lat' dir='ltr'>fecit</span> <span class='ocrx_word' id='word_1_87' title='bbox 1183 1208 1291 1238; x_wconf 91' lang='lat' dir='ltr'>eum</span> <span class='ocrx_word' id='word_1_88' title='bbox 1308 1191 1353 1238; x_wconf 86' lang='lat' dir='ltr'>in</span> <span class='ocrx_word' id='word_1_89' title='bbox 1371 1191 1578 1254; x_wconf 87' lang='lat' dir='ltr'>patibulo</span> <span class='ocrx_word' id='word_1_90' title='bbox 1595 1190 1833 1254; x_wconf 90' lang='lat' dir='ltr'>suspendi.</span> 
     </span>
    </p>

    <p class='ocr_par' dir='ltr' id='par_1_4' title="bbox 425 1268 1840 1873">
     <span class='ocr_line' id='line_1_14' title="bbox 496 1268 1840 1333; baseline -0.001 -16"><span class='ocrx_word' id='word_1_91' title='bbox 496 1275 597 1319; x_wconf 84' lang='lat' dir='ltr'>Dux</span> <span class='ocrx_word' id='word_1_92' title='bbox 624 1270 797 1332; x_wconf 85' lang='lat' dir='ltr'>itaque,</span> <span class='ocrx_word' id='word_1_93' title='bbox 820 1275 928 1333; x_wconf 90' lang='lat' dir='ltr'>post</span> <span class='ocrx_word' id='word_1_94' title='bbox 955 1268 1128 1316; x_wconf 88' lang='lat' dir='ltr'>castelli</span> <span class='ocrx_word' id='word_1_95' title='bbox 1152 1268 1523 1325; x_wconf 86' lang='lat' dir='ltr'>destruxionem‚</span> <span class='ocrx_word' id='word_1_96' title='bbox 1547 1268 1840 1316; x_wconf 87' lang='lat' dir='ltr'>ordinatione</span> 
     </span>
     <span class='ocr_line' id='line_1_15' title="bbox 431 1344 1835 1411; baseline -0.002 -17"><span class='ocrx_word' id='word_1_97' title='bbox 431 1347 556 1411; x_wconf 82' lang='lat' dir='ltr'>regis</span> <span class='ocrx_word' id='word_1_98' title='bbox 584 1346 695 1393; x_wconf 83' lang='lat' dir='ltr'>abiit</span> <span class='ocrx_word' id='word_1_99' title='bbox 728 1351 775 1393; x_wconf 92' lang='lat' dir='ltr'>et</span> <span class='ocrx_word' id='word_1_100' title='bbox 806 1345 991 1393; x_wconf 87' lang='lat' dir='ltr'>obsedit</span> <span class='ocrx_word' id='word_1_101' title='bbox 1022 1344 1261 1392; x_wconf 87' lang='lat' dir='ltr'>castellum</span> <span class='ocrx_word' id='word_1_102' title='bbox 1293 1344 1351 1391; x_wconf 92' lang='lat' dir='ltr'>de</span> <span class='ocrx_word' id='word_1_103' title='bbox 1380 1345 1540 1393; x_wconf 89' lang='lat' dir='ltr'>Thuno</span> <span class='ocrx_word' id='word_1_104' title='bbox 1569 1344 1835 1409; x_wconf 81' lang='lat' dir='ltr'>Episcopi2‚</span> 
     </span>
     <span class='ocr_line' id='line_1_16' title="bbox 430 1421 1840 1488; baseline -0.001 -17"><span class='ocrx_word' id='word_1_105' title='bbox 430 1424 559 1488; x_wconf 90' lang='lat' dir='ltr'>quod</span> <span class='ocrx_word' id='word_1_106' title='bbox 575 1441 667 1471; x_wconf 89' lang='lat' dir='ltr'>non</span> <span class='ocrx_word' id='word_1_107' title='bbox 683 1423 880 1471; x_wconf 86' lang='lat' dir='ltr'>multum</span> <span class='ocrx_word' id='word_1_108' title='bbox 896 1422 1060 1480; x_wconf 86' lang='lat' dir='ltr'>distat;</span> <span class='ocrx_word' id='word_1_109' title='bbox 1078 1428 1124 1470; x_wconf 89' lang='lat' dir='ltr'>et</span> <span class='ocrx_word' id='word_1_110' title='bbox 1141 1438 1426 1486; x_wconf 86' lang='lat' dir='ltr'>quamquam</span> <span class='ocrx_word' id='word_1_111' title='bbox 1443 1422 1684 1470; x_wconf 89' lang='lat' dir='ltr'>castellum</span> <span class='ocrx_word' id='word_1_112' title='bbox 1701 1421 1840 1470; x_wconf 80' lang='lat' dir='ltr'>d’Es-</span> 
     </span>
     <span class='ocr_line' id='line_1_17' title="bbox 430 1499 1838 1557; baseline -0.002 -8"><span class='ocrx_word' id='word_1_113' title='bbox 430 1502 708 1549; x_wconf 78' lang='lat' dir='ltr'>caudoeuvre</span> <span class='ocrx_word' id='word_1_114' title='bbox 741 1501 901 1548; x_wconf 86' lang='lat' dir='ltr'>fuisset</span> <span class='ocrx_word' id='word_1_115' title='bbox 941 1500 1088 1547; x_wconf 88' lang='lat' dir='ltr'>multo</span> <span class='ocrx_word' id='word_1_116' title='bbox 1124 1500 1292 1547; x_wconf 84' lang='lat' dir='ltr'>fortius</span> <span class='ocrx_word' id='word_1_117' title='bbox 1328 1500 1432 1557; x_wconf 83' lang='lat' dir='ltr'>illo,</span> <span class='ocrx_word' id='word_1_118' title='bbox 1474 1506 1629 1547; x_wconf 88' lang='lat' dir='ltr'>tamen</span> <span class='ocrx_word' id='word_1_119' title='bbox 1665 1499 1838 1547; x_wconf 90' lang='lat' dir='ltr'>diutius</span> 
     </span>
     <span class='ocr_line' id='line_1_18' title="bbox 429 1575 1837 1640; baseline -0.001 -15"><span class='ocrx_word' id='word_1_120' title='bbox 429 1578 705 1625; x_wconf 77' lang='lat' dir='ltr'>resisterunt</span> <span class='ocrx_word' id='word_1_121' title='bbox 737 1577 815 1640; x_wconf 86' lang='lat' dir='ltr'>qui</span> <span class='ocrx_word' id='word_1_122' title='bbox 850 1582 982 1624; x_wconf 89' lang='lat' dir='ltr'>erant</span> <span class='ocrx_word' id='word_1_123' title='bbox 1014 1576 1149 1633; x_wconf 87' lang='lat' dir='ltr'>infra,</span> <span class='ocrx_word' id='word_1_124' title='bbox 1185 1593 1238 1623; x_wconf 89' lang='lat' dir='ltr'>ac</span> <span class='ocrx_word' id='word_1_125' title='bbox 1268 1576 1467 1624; x_wconf 83' lang='lat' dir='ltr'>fideliter</span> <span class='ocrx_word' id='word_1_126' title='bbox 1494 1593 1544 1624; x_wconf 91' lang='lat' dir='ltr'>se</span> <span class='ocrx_word' id='word_1_127' title='bbox 1575 1575 1837 1624; x_wconf 86' lang='lat' dir='ltr'>habuerunt</span> 
     </span>
     <span class='ocr_line' id='line_1_19' title="bbox 430 1653 1839 1719; baseline -0.001 -17"><span class='ocrx_word' id='word_1_128' title='bbox 430 1671 541 1719; x_wconf 82' lang='lat' dir='ltr'>erga</span> <span class='ocrx_word' id='word_1_129' title='bbox 575 1671 735 1718; x_wconf 81' lang='lat' dir='ltr'>regem</span> <span class='ocrx_word' id='word_1_130' title='bbox 770 1654 957 1719; x_wconf 82' lang='lat' dir='ltr'>Anglie,</span> <span class='ocrx_word' id='word_1_131' title='bbox 997 1654 1240 1702; x_wconf 88' lang='lat' dir='ltr'>dominum</span> <span class='ocrx_word' id='word_1_132' title='bbox 1276 1670 1435 1710; x_wconf 88' lang='lat' dir='ltr'>suum,</span> <span class='ocrx_word' id='word_1_133' title='bbox 1477 1660 1525 1701; x_wconf 92' lang='lat' dir='ltr'>et</span> <span class='ocrx_word' id='word_1_134' title='bbox 1566 1653 1839 1701; x_wconf 88' lang='lat' dir='ltr'>occiderunt</span> 
     </span>
     <span class='ocr_line' id='line_1_20' title="bbox 425 1731 1835 1796; baseline -0.001 -17"><span class='ocrx_word' id='word_1_135' title='bbox 425 1731 623 1796; x_wconf 83' lang='lat' dir='ltr'>jactibus</span> <span class='ocrx_word' id='word_1_136' title='bbox 654 1731 951 1795; x_wconf 82' lang='lat' dir='ltr'>ingeniorum</span> <span class='ocrx_word' id='word_1_137' title='bbox 987 1748 1179 1778; x_wconf 88' lang='lat' dir='ltr'>suorum</span> <span class='ocrx_word' id='word_1_138' title='bbox 1215 1731 1524 1788; x_wconf 85' lang='lat' dir='ltr'>Conrardurn,</span> <span class='ocrx_word' id='word_1_139' title='bbox 1560 1731 1835 1795; x_wconf 85' lang='lat' dir='ltr'>magistrum</span> 
     </span>
     <span class='ocr_line' id='line_1_21' title="bbox 428 1808 1836 1873; baseline -0.001 -16"><span class='ocrx_word' id='word_1_140' title='bbox 428 1809 748 1857; x_wconf 87' lang='lat' dir='ltr'>Jannencium.</span> <span class='ocrx_word' id='word_1_141' title='bbox 772 1812 874 1856; x_wconf 84' lang='lat' dir='ltr'>Dux</span> <span class='ocrx_word' id='word_1_142' title='bbox 899 1825 1012 1856; x_wconf 86' lang='lat' dir='ltr'>vero</span> <span class='ocrx_word' id='word_1_143' title='bbox 1034 1808 1172 1873; x_wconf 87' lang='lat' dir='ltr'>jussit</span> <span class='ocrx_word' id='word_1_144' title='bbox 1197 1808 1379 1873; x_wconf 82' lang='lat' dir='ltr'>ingenia</span> <span class='ocrx_word' id='word_1_145' title='bbox 1407 1815 1570 1856; x_wconf 85' lang='lat' dir='ltr'>contra</span> <span class='ocrx_word' id='word_1_146' title='bbox 1596 1808 1836 1856; x_wconf 86' lang='lat' dir='ltr'>castellum</span> 
     </span>
    </p>
   </div>
   <div class='ocr_carea' id='block_1_3' title="bbox 425 1976 1833 2790">
    <p class='ocr_par' dir='ltr' id='par_1_5' title="bbox 425 1976 1833 2557">
     <span class='ocr_line' id='line_1_22' title="bbox 476 1976 1833 2024; baseline 0.001 -12"><span class='ocrx_word' id='word_1_147' title='bbox 476 1978 508 2012; x_wconf 84' lang='lat'>1.</span> <span class='ocrx_word' id='word_1_148' title='bbox 534 1990 550 2010; x_wconf 87' lang='lat'>«</span> <span class='ocrx_word' id='word_1_149' title='bbox 579 1976 626 2013; x_wconf 83' lang='lat' dir='ltr'>Et</span> <span class='ocrx_word' id='word_1_150' title='bbox 654 1977 738 2024; x_wconf 84' lang='lat' dir='ltr'>puis</span> <span class='ocrx_word' id='word_1_151' title='bbox 768 1977 804 2013; x_wconf 81' lang='lat' dir='ltr'>la</span> <span class='ocrx_word' id='word_1_152' title='bbox 834 1976 1005 2013; x_wconf 82' lang='lat' dir='ltr'>sabmedi</span> <span class='ocrx_word' id='word_1_153' title='bbox 1033 1976 1163 2024; x_wconf 80' lang='lat' dir='ltr'>vigille</span> <span class='ocrx_word' id='word_1_154' title='bbox 1193 1977 1239 2013; x_wconf 91' lang='lat' dir='ltr'>de</span> <span class='ocrx_word' id='word_1_155' title='bbox 1266 1977 1554 2014; x_wconf 82' lang='lat' dir='ltr'>Panthecouste</span> <span class='ocrx_word' id='word_1_156' title='bbox 1584 1988 1624 2013; x_wconf 89' lang='lat' dir='ltr'>se</span> <span class='ocrx_word' id='word_1_157' title='bbox 1656 1976 1783 2013; x_wconf 79' lang='lat' dir='ltr'>rendit</span> <span class='ocrx_word' id='word_1_158' title='bbox 1811 1976 1833 2012; x_wconf 72' lang='grc' dir='ltr'>ἐι</span> 
     </span>
     <span class='ocr_line' id='line_1_23' title="bbox 429 2036 1831 2085; baseline 0.002 -16"><span class='ocrx_word' id='word_1_159' title='bbox 429 2048 443 2069; x_wconf 88' lang='lat'>«</span> <span class='ocrx_word' id='word_1_160' title='bbox 468 2036 556 2071; x_wconf 79' lang='lat' dir='ltr'>eulx</span> <span class='ocrx_word' id='word_1_161' title='bbox 588 2036 621 2072; x_wconf 93' lang='lat' dir='ltr'>le</span> <span class='ocrx_word' id='word_1_162' title='bbox 649 2036 841 2073; x_wconf 79' lang='lat' dir='ltr'>chastel...</span> <span class='ocrx_word' id='word_1_163' title='bbox 866 2050 881 2069; x_wconf 88' lang='lat'>»</span> <span class='ocrx_word' id='word_1_164' title='bbox 907 2036 1020 2082; x_wconf 85' lang='lat' dir='ltr'>(Bibl.</span> <span class='ocrx_word' id='word_1_165' title='bbox 1050 2042 1147 2082; x_wconf 59' lang='lat' dir='ltr'>nat„</span> <span class='ocrx_word' id='word_1_166' title='bbox 1179 2036 1288 2072; x_wconf 88' lang='lat' dir='ltr'>fonds</span> <span class='ocrx_word' id='word_1_167' title='bbox 1318 2037 1441 2085; x_wconf 65' lang='lat' dir='ltr'>franc.</span> <span class='ocrx_word' id='word_1_168' title='bbox 1469 2037 1574 2083; x_wconf 75' lang='lat'>2598,</span> <span class='ocrx_word' id='word_1_169' title='bbox 1604 2037 1667 2073; x_wconf 87' lang='lat' dir='ltr'>fol.</span> <span class='ocrx_word' id='word_1_170' title='bbox 1698 2037 1737 2072; x_wconf 85' lang='lat'>51</span> <span class='ocrx_word' id='word_1_171' title='bbox 1768 2040 1831 2080; x_wconf 88' lang='lat' dir='ltr'>r0.)</span> 
     </span>
     <span class='ocr_line' id='line_1_24' title="bbox 425 2094 1831 2144; baseline 0.001 -14"><span class='ocrx_word' id='word_1_172' title='bbox 425 2094 513 2132; x_wconf 87' lang='lat' dir='ltr'>Ceci</span> <span class='ocrx_word' id='word_1_173' title='bbox 535 2095 765 2142; x_wconf 83' lang='lat' dir='ltr'>correspond</span> <span class='ocrx_word' id='word_1_174' title='bbox 788 2106 835 2131; x_wconf 86' lang='lat' dir='ltr'>au</span> <span class='ocrx_word' id='word_1_175' title='bbox 857 2095 875 2131; x_wconf 90' lang='lat'>3</span> <span class='ocrx_word' id='word_1_176' title='bbox 895 2095 980 2142; x_wconf 85' lang='lat' dir='ltr'>juin</span> <span class='ocrx_word' id='word_1_177' title='bbox 1002 2095 1105 2141; x_wconf 76' lang='lat'>1340,</span> <span class='ocrx_word' id='word_1_178' title='bbox 1128 2100 1178 2141; x_wconf 80' lang='lat' dir='ltr'>et,</span> <span class='ocrx_word' id='word_1_179' title='bbox 1203 2107 1353 2132; x_wconf 86' lang='lat' dir='ltr'>comme</span> <span class='ocrx_word' id='word_1_180' title='bbox 1374 2096 1399 2131; x_wconf 93' lang='lat' dir='ltr'>il</span> <span class='ocrx_word' id='word_1_181' title='bbox 1420 2096 1544 2143; x_wconf 83' lang='lat' dir='ltr'>parait</span> <span class='ocrx_word' id='word_1_182' title='bbox 1568 2107 1642 2144; x_wconf 86' lang='lat' dir='ltr'>que</span> <span class='ocrx_word' id='word_1_183' title='bbox 1666 2096 1700 2132; x_wconf 87' lang='lat' dir='ltr'>le</span> <span class='ocrx_word' id='word_1_184' title='bbox 1726 2095 1831 2143; x_wconf 70' lang='lat' dir='ltr'>siege</span> 
     </span>
     <span class='ocr_line' id='line_1_25' title="bbox 427 2153 1831 2202; baseline 0.003 -14"><span class='ocrx_word' id='word_1_185' title='bbox 427 2153 522 2189; x_wconf 80' lang='lat' dir='ltr'>dura</span> <span class='ocrx_word' id='word_1_186' title='bbox 542 2154 636 2190; x_wconf 85' lang='lat' dir='ltr'>trois</span> <span class='ocrx_word' id='word_1_187' title='bbox 659 2155 864 2200; x_wconf 54' lang='lat' dir='ltr'>semaines²</span> <span class='ocrx_word' id='word_1_188' title='bbox 880 2155 906 2191; x_wconf 92' lang='lat' dir='ltr'>il</span> <span class='ocrx_word' id='word_1_189' title='bbox 928 2154 1008 2190; x_wconf 83' lang='lat' dir='ltr'>faut</span> <span class='ocrx_word' id='word_1_190' title='bbox 1029 2166 1078 2191; x_wconf 87' lang='lat' dir='ltr'>en</span> <span class='ocrx_word' id='word_1_191' title='bbox 1101 2160 1272 2202; x_wconf 70' lang='lat' dir='ltr'>reportet·</span> <span class='ocrx_word' id='word_1_192' title='bbox 1286 2156 1320 2191; x_wconf 93' lang='lat' dir='ltr'>le</span> <span class='ocrx_word' id='word_1_193' title='bbox 1343 2154 1459 2192; x_wconf 77' lang='lat' dir='ltr'>debut</span> <span class='ocrx_word' id='word_1_194' title='bbox 1480 2167 1556 2191; x_wconf 83' lang='lat' dir='ltr'>aux</span> <span class='ocrx_word' id='word_1_195' title='bbox 1577 2155 1761 2192; x_wconf 86' lang='lat' dir='ltr'>environs</span> <span class='ocrx_word' id='word_1_196' title='bbox 1783 2155 1831 2191; x_wconf 91' lang='lat' dir='ltr'>du</span> 
     </span>
     <span class='ocr_line' id='line_1_26' title="bbox 426 2211 1832 2261; baseline 0.002 -14"><span class='ocrx_word' id='word_1_197' title='bbox 426 2211 471 2247; x_wconf 68' lang='lat'>20</span> <span class='ocrx_word' id='word_1_198' title='bbox 495 2213 584 2248; x_wconf 80' lang='lat' dir='ltr'>mai.</span> <span class='ocrx_word' id='word_1_199' title='bbox 610 2214 665 2249; x_wconf 90' lang='lat' dir='ltr'>De</span> <span class='ocrx_word' id='word_1_200' title='bbox 694 2225 736 2250; x_wconf 87' lang='lat' dir='ltr'>ce</span> <span class='ocrx_word' id='word_1_201' title='bbox 766 2225 838 2261; x_wconf 89' lang='lat' dir='ltr'>que</span> <span class='ocrx_word' id='word_1_202' title='bbox 868 2215 902 2249; x_wconf 86' lang='lat' dir='ltr'>le</span> <span class='ocrx_word' id='word_1_203' title='bbox 929 2213 1002 2251; x_wconf 88' lang='lat' dir='ltr'>duc</span> <span class='ocrx_word' id='word_1_204' title='bbox 1027 2213 1073 2250; x_wconf 85' lang='lat' dir='ltr'>de</span> <span class='ocrx_word' id='word_1_205' title='bbox 1093 2214 1328 2250; x_wconf 87' lang='lat' dir='ltr'>Normandie</span> <span class='ocrx_word' id='word_1_206' title='bbox 1357 2226 1378 2250; x_wconf 86' lang='lat' dir='ltr'>a</span> <span class='ocrx_word' id='word_1_207' title='bbox 1404 2214 1490 2251; x_wconf 79' lang='lat' dir='ltr'>date</span> <span class='ocrx_word' id='word_1_208' title='bbox 1517 2225 1594 2251; x_wconf 88' lang='lat' dir='ltr'>une</span> <span class='ocrx_word' id='word_1_209' title='bbox 1622 2215 1755 2252; x_wconf 85' lang='lat' dir='ltr'>charte</span> <span class='ocrx_word' id='word_1_210' title='bbox 1782 2214 1832 2250; x_wconf 91' lang='lat' dir='ltr'>du</span> 
     </span>
     <span class='ocr_line' id='line_1_27' title="bbox 427 2272 1831 2322; baseline 0.003 -16"><span class='ocrx_word' id='word_1_211' title='bbox 427 2272 590 2307; x_wconf 69' lang='lat' dir='ltr'>chateau</span> <span class='ocrx_word' id='word_1_212' title='bbox 618 2272 942 2309; x_wconf 80' lang='lat' dir='ltr'>d&#39;Escaudoeuvre</span> <span class='ocrx_word' id='word_1_213' title='bbox 970 2273 1003 2309; x_wconf 91' lang='lat' dir='ltr'>le</span> <span class='ocrx_word' id='word_1_214' title='bbox 1031 2273 1050 2309; x_wconf 90' lang='lat'>3</span> <span class='ocrx_word' id='word_1_215' title='bbox 1078 2273 1163 2320; x_wconf 87' lang='lat' dir='ltr'>juin</span> <span class='ocrx_word' id='word_1_216' title='bbox 1192 2274 1294 2319; x_wconf 77' lang='lat'>1340,</span> <span class='ocrx_word' id='word_1_217' title='bbox 1320 2274 1345 2309; x_wconf 90' lang='lat' dir='ltr'>il</span> <span class='ocrx_word' id='word_1_218' title='bbox 1368 2274 1511 2310; x_wconf 85' lang='lat' dir='ltr'>semble</span> <span class='ocrx_word' id='word_1_219' title='bbox 1533 2274 1624 2322; x_wconf 85' lang='lat' dir='ltr'>qu⁷il</span> <span class='ocrx_word' id='word_1_220' title='bbox 1650 2285 1699 2310; x_wconf 84' lang='lat' dir='ltr'>ne</span> <span class='ocrx_word' id='word_1_221' title='bbox 1731 2274 1831 2310; x_wconf 80' lang='lat' dir='ltr'>faille</span> 
     </span>
     <span class='ocr_line' id='line_1_28' title="bbox 426 2331 1831 2380; baseline 0.003 -15"><span class='ocrx_word' id='word_1_222' title='bbox 426 2341 492 2377; x_wconf 79' lang='lat' dir='ltr'>pas</span> <span class='ocrx_word' id='word_1_223' title='bbox 514 2331 605 2366; x_wconf 75' lang='lat' dir='ltr'>tii-er</span> <span class='ocrx_word' id='word_1_224' title='bbox 631 2331 667 2366; x_wconf 77' lang='lat' dir='ltr'>lu</span> <span class='ocrx_word' id='word_1_225' title='bbox 694 2333 919 2368; x_wconf 84' lang='lat' dir='ltr'>conclusion</span> <span class='ocrx_word' id='word_1_226' title='bbox 942 2344 1014 2379; x_wconf 87' lang='lat' dir='ltr'>que</span> <span class='ocrx_word' id='word_1_227' title='bbox 1036 2333 1069 2369; x_wconf 90' lang='lat' dir='ltr'>le</span> <span class='ocrx_word' id='word_1_228' title='bbox 1097 2333 1169 2369; x_wconf 82' lang='lat' dir='ltr'>duc</span> <span class='ocrx_word' id='word_1_229' title='bbox 1197 2333 1321 2369; x_wconf 72' lang='lat' dir='ltr'>s‘etait</span> <span class='ocrx_word' id='word_1_230' title='bbox 1348 2335 1503 2380; x_wconf 75' lang='lat' dir='ltr'>empare</span> <span class='ocrx_word' id='word_1_231' title='bbox 1530 2333 1574 2369; x_wconf 91' lang='lat' dir='ltr'>de</span> <span class='ocrx_word' id='word_1_232' title='bbox 1602 2339 1703 2370; x_wconf 79' lang='lat' dir='ltr'>cette</span> <span class='ocrx_word' id='word_1_233' title='bbox 1723 2333 1831 2380; x_wconf 85' lang='lat' dir='ltr'>place</span> 
     </span>
     <span class='ocr_line' id='line_1_29' title="bbox 426 2389 1833 2439; baseline 0.003 -15"><span class='ocrx_word' id='word_1_234' title='bbox 426 2394 538 2425; x_wconf 79' lang='lat' dir='ltr'>avant</span> <span class='ocrx_word' id='word_1_235' title='bbox 559 2390 592 2425; x_wconf 87' lang='lat' dir='ltr'>le</span> <span class='ocrx_word' id='word_1_236' title='bbox 615 2389 633 2425; x_wconf 84' lang='lat'>3</span> <span class='ocrx_word' id='word_1_237' title='bbox 652 2390 736 2436; x_wconf 87' lang='lat' dir='ltr'>juin</span> <span class='ocrx_word' id='word_1_238' title='bbox 759 2391 979 2438; x_wconf 80' lang='lat' dir='ltr'>(Froissart,</span> <span class='ocrx_word' id='word_1_239' title='bbox 1003 2391 1059 2427; x_wconf 68' lang='lat' dir='ltr'>ed.</span> <span class='ocrx_word' id='word_1_240' title='bbox 1085 2392 1202 2438; x_wconf 79' lang='lat' dir='ltr'>Luce,</span> <span class='ocrx_word' id='word_1_241' title='bbox 1225 2398 1252 2427; x_wconf 84' lang='lat' dir='ltr'>t.</span> <span class='ocrx_word' id='word_1_242' title='bbox 1274 2392 1326 2439; x_wconf 74' lang='grc' dir='ltr'>ΙΙ,</span> <span class='ocrx_word' id='word_1_243' title='bbox 1348 2404 1382 2439; x_wconf 86' lang='lat' dir='ltr'>p.</span> <span class='ocrx_word' id='word_1_244' title='bbox 1408 2404 1472 2437; x_wconf 77' lang='lat' dir='ltr'>XII,</span> <span class='ocrx_word' id='word_1_245' title='bbox 1494 2398 1582 2429; x_wconf 88' lang='lat' dir='ltr'>note</span> <span class='ocrx_word' id='word_1_246' title='bbox 1604 2392 1656 2437; x_wconf 72' lang='lat'>2);</span> <span class='ocrx_word' id='word_1_247' title='bbox 1679 2392 1706 2428; x_wconf 87' lang='lat' dir='ltr'>il</span> <span class='ocrx_word' id='word_1_248' title='bbox 1728 2392 1833 2428; x_wconf 85' lang='lat' dir='ltr'>suffit</span> 
     </span>
     <span class='ocr_line' id='line_1_30' title="bbox 432 2449 1829 2499; baseline 0.004 -16"><span class='ocrx_word' id='word_1_249' title='bbox 432 2449 522 2495; x_wconf 79' lang='lat' dir='ltr'>qu&#39;il</span> <span class='ocrx_word' id='word_1_250' title='bbox 544 2461 567 2495; x_wconf 77' lang='lat' dir='ltr'>y</span> <span class='ocrx_word' id='word_1_251' title='bbox 589 2449 661 2484; x_wconf 86' lang='lat' dir='ltr'>soit</span> <span class='ocrx_word' id='word_1_252' title='bbox 687 2451 795 2485; x_wconf 70' lang='lat' dir='ltr'>entre</span> <span class='ocrx_word' id='word_1_253' title='bbox 828 2462 869 2487; x_wconf 88' lang='lat' dir='ltr'>ce</span> <span class='ocrx_word' id='word_1_254' title='bbox 892 2451 1040 2497; x_wconf 68' lang='lat' dir='ltr'>jour-la</span> <span class='ocrx_word' id='word_1_255' title='bbox 1066 2451 1205 2487; x_wconf 71' lang='lat' dir='ltr'>meme.</span> <span class='ocrx_word' id='word_1_256' title='bbox 1236 2451 1394 2498; x_wconf 75' lang='lat' dir='ltr'>D’apres</span> <span class='ocrx_word' id='word_1_257' title='bbox 1422 2451 1633 2498; x_wconf 82' lang='lat' dir='ltr'>Froissart‚</span> <span class='ocrx_word' id='word_1_258' title='bbox 1661 2452 1695 2488; x_wconf 87' lang='lat' dir='ltr'>le</span> <span class='ocrx_word' id='word_1_259' title='bbox 1726 2451 1829 2499; x_wconf 71' lang='lat' dir='ltr'>siege</span> 
     </span>
     <span class='ocr_line' id='line_1_31' title="bbox 426 2508 1295 2557; baseline 0.003 -14"><span class='ocrx_word' id='word_1_260' title='bbox 426 2508 591 2543; x_wconf 74' lang='lat' dir='ltr'>n&#39;aurait</span> <span class='ocrx_word' id='word_1_261' title='bbox 612 2519 679 2554; x_wconf 82' lang='lat' dir='ltr'>pus</span> <span class='ocrx_word' id='word_1_262' title='bbox 700 2508 793 2544; x_wconf 79' lang='lat' dir='ltr'>dure</span> <span class='ocrx_word' id='word_1_263' title='bbox 815 2509 872 2545; x_wconf 77' lang='lat' dir='ltr'>six</span> <span class='ocrx_word' id='word_1_264' title='bbox 890 2510 998 2557; x_wconf 81' lang='lat' dir='ltr'>jours</span> <span class='ocrx_word' id='word_1_265' title='bbox 1022 2513 1138 2556; x_wconf 55' lang='lat' dir='ltr'>(Ibat,</span> <span class='ocrx_word' id='word_1_266' title='bbox 1166 2522 1200 2557; x_wconf 87' lang='lat' dir='ltr'>p.</span> <span class='ocrx_word' id='word_1_267' title='bbox 1226 2511 1295 2556; x_wconf 80' lang='lat'>19).</span> 
     </span>
    </p>

    <p class='ocr_par' dir='ltr' id='par_1_6' title="bbox 425 2566 1826 2790">
     <span class='ocr_line' id='line_1_32' title="bbox 472 2566 1826 2617; baseline 0.002 -15"><span class='ocrx_word' id='word_1_268' title='bbox 472 2567 505 2602; x_wconf 66' lang='lat'>2.</span> <span class='ocrx_word' id='word_1_269' title='bbox 529 2566 588 2602; x_wconf 88' lang='lat' dir='ltr'>On</span> <span class='ocrx_word' id='word_1_270' title='bbox 615 2567 774 2613; x_wconf 75' lang='lat' dir='ltr'>possede</span> <span class='ocrx_word' id='word_1_271' title='bbox 805 2568 870 2603; x_wconf 82' lang='lat' dir='ltr'>(les</span> <span class='ocrx_word' id='word_1_272' title='bbox 899 2569 1117 2615; x_wconf 73' lang='lat' dir='ltr'>quittances</span> <span class='ocrx_word' id='word_1_273' title='bbox 1144 2569 1189 2605; x_wconf 82' lang='lat' dir='ltr'>(le</span> <span class='ocrx_word' id='word_1_274' title='bbox 1217 2581 1333 2617; x_wconf 79' lang='lat' dir='ltr'>gages</span> <span class='ocrx_word' id='word_1_275' title='bbox 1359 2570 1404 2606; x_wconf 89' lang='lat' dir='ltr'>de</span> <span class='ocrx_word' id='word_1_276' title='bbox 1432 2581 1526 2617; x_wconf 79' lang='lat' dir='ltr'>gens</span> <span class='ocrx_word' id='word_1_277' title='bbox 1547 2570 1710 2606; x_wconf 81' lang='lat' dir='ltr'>d&#39;armes</span> <span class='ocrx_word' id='word_1_278' title='bbox 1731 2570 1826 2605; x_wconf 63' lang='lat' dir='ltr'>deli-</span> 
     </span>
     <span class='ocr_line' id='line_1_33' title="bbox 426 2618 1822 2676; baseline 0.002 -15"><span class='ocrx_word' id='word_1_279' title='bbox 426 2627 535 2662; x_wconf 64' lang='lat' dir='ltr'>vrees</span> <span class='ocrx_word' id='word_1_280' title='bbox 556 2626 697 2662; x_wconf 54' lang='lat' dir='ltr'>(levant</span> <span class='ocrx_word' id='word_1_281' title='bbox 718 2618 1038 2675; x_wconf 50' lang='lat' dir='ltr'>Tuum-leveque</span> <span class='ocrx_word' id='word_1_282' title='bbox 1066 2629 1113 2664; x_wconf 76' lang='lat' dir='ltr'>du</span> <span class='ocrx_word' id='word_1_283' title='bbox 1145 2629 1185 2664; x_wconf 80' lang='lat'>14</span> <span class='ocrx_word' id='word_1_284' title='bbox 1212 2629 1296 2676; x_wconf 76' lang='lat' dir='ltr'>jum</span> <span class='ocrx_word' id='word_1_285' title='bbox 1324 2640 1371 2665; x_wconf 78' lang='lat' dir='ltr'>au</span> <span class='ocrx_word' id='word_1_286' title='bbox 1403 2630 1443 2665; x_wconf 82' lang='lat'>16</span> <span class='ocrx_word' id='word_1_287' title='bbox 1470 2630 1554 2676; x_wconf 75' lang='lat' dir='ltr'>Juin</span> <span class='ocrx_word' id='word_1_288' title='bbox 1583 2629 1684 2665; x_wconf 80' lang='lat'>1340.</span> <span class='ocrx_word' id='word_1_289' title='bbox 1709 2628 1822 2673; x_wconf 54' lang='lat' dir='ltr'>(sibl.</span> 
     </span>
     <span class='ocr_line' id='line_1_34' title="bbox 425 2685 1824 2736; baseline 0.003 -17"><span class='ocrx_word' id='word_1_290' title='bbox 425 2690 521 2730; x_wconf 56' lang='lat' dir='ltr'>nat„</span> <span class='ocrx_word' id='word_1_291' title='bbox 543 2685 669 2721; x_wconf 67' lang='lat' dir='ltr'>Tities</span> <span class='ocrx_word' id='word_1_292' title='bbox 697 2685 831 2720; x_wconf 50' lang='lat' dir='ltr'>scollus</span> <span class='ocrx_word' id='word_1_293' title='bbox 859 2686 903 2721; x_wconf 88' lang='lat' dir='ltr'>de</span> <span class='ocrx_word' id='word_1_294' title='bbox 930 2688 1218 2733; x_wconf 76' lang='lat' dir='ltr'>Clairambault,</span> <span class='ocrx_word' id='word_1_295' title='bbox 1241 2689 1314 2724; x_wconf 83' lang='lat' dir='ltr'>vol.</span> <span class='ocrx_word' id='word_1_296' title='bbox 1344 2688 1404 2732; x_wconf 73' lang='lat'>62,</span> <span class='ocrx_word' id='word_1_297' title='bbox 1431 2688 1492 2725; x_wconf 89' lang='lat' dir='ltr'>fol.</span> <span class='ocrx_word' id='word_1_298' title='bbox 1526 2688 1636 2730; x_wconf 81' lang='lat'>4815;</span> <span class='ocrx_word' id='word_1_299' title='bbox 1660 2688 1735 2725; x_wconf 87' lang='lat' dir='ltr'>vol.</span> <span class='ocrx_word' id='word_1_300' title='bbox 1765 2688 1824 2736; x_wconf 70' lang='lat'>⁶24,</span> 
     </span>
     <span class='ocr_line' id='line_1_35' title="bbox 426 2743 1261 2790; baseline 0.006 -13"><span class='ocrx_word' id='word_1_301' title='bbox 426 2743 487 2778; x_wconf 82' lang='lat' dir='ltr'>sol.</span> <span class='ocrx_word' id='word_1_302' title='bbox 513 2744 602 2779; x_wconf 66' lang='lat'>1725</span> <span class='ocrx_word' id='word_1_303' title='bbox 623 2750 660 2780; x_wconf 88' lang='lat' dir='ltr'>et</span> <span class='ocrx_word' id='word_1_304' title='bbox 683 2744 790 2784; x_wconf 52' lang='lat'>11727;</span> <span class='ocrx_word' id='word_1_305' title='bbox 814 2745 886 2780; x_wconf 70' lang='lat' dir='ltr'>vol.</span> <span class='ocrx_word' id='word_1_306' title='bbox 911 2746 968 2785; x_wconf 68' lang='lat'>65»,</span> <span class='ocrx_word' id='word_1_307' title='bbox 992 2747 1054 2781; x_wconf 83' lang='lat' dir='ltr'>fol.</span> <span class='ocrx_word' id='word_1_308' title='bbox 1078 2747 1165 2782; x_wconf 64' lang='lat'>4991</span> <span class='ocrx_word' id='word_1_309' title='bbox 1194 2751 1261 2790; x_wconf 74' lang='grc' dir='ltr'>νῦ.)</span> 
     </span>
    </p>
   </div>
  </div>
 </body>
</html>
