1923 3358
113 275 216 323 1338]
388 279 757 313 CHRONOGRAPHIA
783 280 935 312 REGUM
961 279 1238 312 FRANCORUM.
1469 276 1510 313 65

108 377 223 408 vero
257 360 394 408 nichil
429 361 659 419 fecerunt,
695 361 757 408 ita
788 366 839 408 ut
874 360 1131 408 cardinales
1164 365 1513 408 reverterentur

109 437 207 484 sine
239 438 390 501 aliqua
424 439 744 501 expeditione,
777 438 985 501 exceptis
1018 437 1194 502 treugis
1228 437 1512 484 confirmatis

107 514 166 562 ab
201 520 397 578 utraque
431 520 564 578 parte
598 532 623 561 a
657 514 810 577 prima
845 514 919 561 die
959 513 1165 561 octobris
1205 514 1310 561 anni
1349 530 1513 577 supra-

107 591 268 655 scripti
293 608 442 654 usque
468 590 527 638 ad
553 590 688 637 aliam
719 590 923 652 primam
954 589 1078 637 diem
1106 589 1315 654 ejusdem
1340 591 1513 638 mensis

106 668 210 715 anni
238 667 503 715 immediate
530 666 766 729 sequentis
790 665 1170 716 MiCCCiXXXVIIIi.

169 747 268 792 Rex
294 749 449 791 autem
467 743 629 807 Anglie
656 742 861 790 existens
885 742 933 789 in
957 742 1229 799 Brabancia,
1259 759 1513 807 congrega-

104 821 172 868 vit
197 837 360 868 omnes
386 820 560 867 amicos
582 825 628 867 et
647 819 854 867 fautores
878 835 1013 875 suos,
1038 835 1131 882 quo
1155 820 1294 876 facto,
1318 820 1513 882 pristina

105 897 418 945 confederatio
445 902 668 944 renovata
690 902 759 943 est
778 915 788 951 ;
811 895 1102 944 advenerunt
1128 895 1267 942 etiam
1291 902 1388 943 tres
1408 896 1512 943 ville

104 974 317 1022 Flandrie
342 974 442 1038 pari
468 974 610 1021 modo
626 974 835 1038 jurantes
862 989 968 1021 cum
990 972 1073 1020 eis.
1098 975 1359 1035 Imperator
1384 989 1513 1019 nam-

104 1068 196 1114 que
223 1051 460 1099 mandavit
491 1067 653 1115 regem
677 1050 838 1115 Anglie
864 1057 911 1098 et
935 1066 1098 1098 omnes
1130 1049 1218 1097 sibi
1250 1049 1510 1106 federatos3

104 1129 201 1192 qui,
231 1134 456 1176 exeuntes
488 1128 546 1176 dc
571 1127 813 1184 Bruxellis,
841 1133 1152 1191 perrexerunt
1178 1125 1236 1173 ad
1261 1126 1513 1189 imperato-

102 1221 203 1252 rem
221 1206 299 1270 qui
317 1212 427 1253 tunc
447 1211 546 1253 erat
563 1206 608 1252 in
625 1204 940 1252 Francfordia.
963 1204 1239 1267 Priusquam
1254 1219 1368 1250 vero
1386 1219 1513 1250 rece-

103 1282 291 1340 derent,
332 1282 429 1330 dux
462 1282 714 1330 Brabancie
749 1281 978 1328 diffidavit
1011 1296 1173 1345 regem
1204 1279 1395 1327 Francie
1428 1295 1514 1342 per

103 1360 222 1408 duos
248 1359 434 1407 milites.
461 1361 625 1408 Comes
653 1358 792 1406 etiam
818 1358 999 1406 Ghelrie
1028 1364 1074 1405 et
1101 1357 1319 1405 dominus
1342 1356 1513 1405 Johan-

103 1453 185 1484 nes
211 1436 270 1483 de
296 1436 502 1483 Hanonia
529 1436 751 1483 miserant
777 1435 875 1499 regi
901 1434 1090 1482 Francie
1114 1433 1331 1497 homagia
1355 1449 1454 1480 sua.

165 1516 382 1561 Preterea
404 1512 514 1560 dicti
536 1512 714 1559 nobiles
733 1511 1062 1575 pervenientes
1080 1510 1125 1557 in
1140 1509 1506 1566 Francfordiam,

101 1590 380 1637 invenerunt
411 1589 746 1653 imperatorem
779 1587 1067 1636 Ludovicum
1098 1587 1156 1634 de
1189 1586 1400 1643 Bavaria,
1433 1586 1511 1649 qui

101 1683 325 1732 magnum
351 1667 520 1715 festum
547 1665 656 1714 fecit
674 1665 771 1730 regi
793 1664 957 1729 Anglie
976 1670 1021 1711 et
1041 1664 1207 1711 ceteris
1230 1663 1510 1719 baronibus;

101 1743 258 1808 ibique
291 1760 458 1808 magna
493 1742 743 1791 multitudo
779 1742 1065 1805 prelatorum
1096 1746 1143 1788 et
1174 1740 1371 1787 militurn
1404 1756 1513 1786 con-

101 1826 291 1884 gregata
318 1827 435 1868 erat.
460 1823 585 1868 Tunc
611 1835 725 1867 vero
751 1819 1007 1882 imperator
1034 1817 1328 1866 confirmavit
1353 1832 1514 1880 regem

101 1897 263 1962 Anglie
298 1897 344 1944 in
379 1897 603 1945 vicarium
642 1913 796 1944 suum.
834 1896 960 1943 Fecit
994 1895 1133 1943 etiam
1171 1894 1229 1941 de
1267 1893 1514 1940 comitibus

103 1974 286 2023 Guelrie
311 1980 356 2021 et
382 1975 545 2023 Julioci
572 1972 911 2021 ma1=chi0nes1.
935 1972 1098 2021 Modus
1124 1977 1280 2018 autem
1310 1986 1404 2032 quo
1430 1969 1514 2015 hec

102 2050 223 2097 facta
253 2058 361 2098 sunt
393 2051 478 2098 fuit
507 2051 594 2099 iste
625 2068 634 2097 ε
665 2067 772 2098 nam
804 2066 892 2113 pro
926 2049 1208 2112 imperatore
1241 2047 1413 2094 factum
1444 2052 1515 2093 est

104 2128 272 2175 solium
306 2128 537 2184 eminens,
573 2127 709 2175 valde
744 2127 1011 2190 preciosum
1046 2131 1091 2172 et
1127 2123 1303 2180 nobile,
1338 2123 1384 2169 in
1420 2139 1514 2185 quo

103 2204 284 2269 positus
316 2211 404 2262 est,
434 2204 600 2268 pannis
630 2204 883 2268 purpureis
909 2202 1123 2258 vestitus,
1155 2217 1207 2247 ac
1233 2199 1515 2247 sotularibus

103 2282 256 2330 aureis
290 2282 527 2339 calciatus,
568 2282 844 2346 dyademate
880 2280 1018 2344 capiti
1054 2279 1152 2344 ejus
1186 2277 1434 2341 imposito,
1470 2283 1515 2324 et

104 2366 236 2408 erant
261 2359 318 2407 ad
345 2360 489 2407 latera
510 2376 591 2407 sue
612 2359 735 2407 sedis
756 2359 852 2407 dux
873 2357 1145 2413 Brabancie,
1169 2360 1335 2404 tenens
1356 2371 1515 2402 ensem
1563 2419 1566 2422 ἢ

106 2436 281 2485 nudum
314 2436 360 2483 in
392 2453 532 2484 manu
567 2443 613 2484 et
647 2436 742 2484 dux
778 2434 959 2484 Ghelrie
992 2434 1093 2498 pari
1128 2433 1289 2481 modo.
1325 2431 1514 2480 Interim

154 2591 187 2626 1.
211 2590 263 2625 Le
291 2589 417 2625 comte
443 2588 488 2624 de
515 2588 659 2625 Juliers
687 2588 743 2624 fut
770 2587 860 2623 bien
887 2587 990 2634 erige
1017 2598 1066 2623 en
1092 2586 1329 2634 marquisat3
1354 2584 1453 2620 mais
1480 2584 1515 2620 le

107 2649 233 2685 comte
265 2648 310 2684 de
345 2646 513 2683 Gueldre
546 2647 601 2683 fut
636 2646 738 2693 erige
772 2657 821 2682 en
853 2645 991 2682 duche'.
1026 2645 1087 2682 Du
1122 2651 1223 2682 reste
1256 2650 1355 2682 cette
1388 2644 1514 2690 le'gere

107 2718 242 2743 erreur
275 2718 296 2743 a
328 2707 387 2742 e'te
420 2706 592 2753 corrigee
624 2717 692 2753 par
722 2705 886 2741 l'auteur
920 2704 1144 2751 lui-meme,
1172 2705 1358 2752 quelques
1391 2703 1515 2749 lignes

107 2766 193 2814 plus
213 2765 295 2802 bas.

249 2829 280 2860 ΙΙ
1355 2823 1375 2858 5
