1923 3358
130 300 234 347 4338]
405 305 775 338 CHRONOGRAPHIA
801 305 953 337 REGUM
978 304 1256 337 FRANGORUM.
1486 302 1524 337 51

127 399 211 430 nes
236 387 282 429 et
310 383 405 430 suis
430 383 701 441 militibus1,
731 401 784 431 ac
810 384 985 431 locatus
1014 389 1086 431 est
1116 383 1163 430 in
1193 399 1279 430 suo
1312 383 1525 438 castello;

127 464 173 506 et
197 460 396 508 Jacobus
422 460 480 508 de
513 461 776 508 Arthevella
808 461 957 508 sciens
988 461 1242 508 adventum
1275 459 1390 524 ejuS‚
1421 476 1529 507 cum

125 535 220 584 suis
248 537 554 601 septingentis
580 537 874 601 congregatis
901 537 1301 594 Gandavensibus‚
1331 537 1530 601 injunxit

123 613 190 660 eis
211 614 427 676 quatinus
446 630 553 660 eum
574 619 900 676 sequerentur,
922 630 977 660 eo
1001 614 1127 675 quod
1153 614 1303 661 iturus
1323 619 1448 661 esset
1470 613 1529 661 ad

123 690 343 737 comitem
369 690 427 737 ad
454 689 693 737 sciendum
718 689 1005 737 voluntatem
1032 689 1148 754 ejus,
1171 694 1228 737 Et
1247 691 1442 738 veniens
1469 690 1528 737 ad

121 766 357 823 comitem,
396 766 607 829 repperit
637 783 744 814 eum
777 782 882 813 cum
916 766 1012 813 suis
1042 766 1265 814 militibus
1292 767 1338 813 in
1368 783 1527 814 mensa

121 843 387 899 sedentem3
424 843 740 907 accedensque
772 842 997 898 Jacobus,
1040 843 1158 890 dixit
1194 843 1235 889 ei
1269 843 1395 905 quod
1433 860 1526 891 non

120 917 354 965 dubitaret
379 936 387 964 :
416 937 436 962 c(
462 921 595 975 Nam,
621 938 642 963 »
668 918 835 982 inquit,
864 938 882 963 «
913 918 1136 983 Flamingi
1165 919 1393 965 mirantur
1415 919 1525 981 quid

123 1012 144 1038 α
173 994 437 1057 proponitis
461 995 614 1042 facere
640 1012 695 1042 eo
725 995 850 1058 quod
878 1012 964 1058 per
987 1011 1074 1042 vos
1100 996 1221 1042 fame
1248 1000 1463 1058 pereunt.
1502 1014 1521 1039 ›>

183 1072 348 1119 Comes
372 1077 528 1120 aut-em
553 1072 594 1118 ei
620 1072 866 1136 respondit
889 1072 1014 1135 quod
1043 1088 1185 1135 super
1207 1072 1297 1119 hoc
1323 1072 1522 1118 multum

117 1146 320 1195 dolebat.
361 1167 380 1192 «
412 1149 458 1195 Si
486 1149 688 1205 velletis,
731 1169 750 1194 ›)
790 1149 940 1212 inquit
974 1149 1198 1207 Jacobus,
1245 1169 1265 1193 <t
1307 1149 1365 1196 de
1404 1149 1521 1196 facili

120 1242 140 1266 α
170 1223 432 1271 remedium
451 1224 776 1288 apponeretis3
800 1241 908 1271 nam
928 1225 964 1272 si
986 1242 1122 1290 reges
1138 1225 1302 1289 Anglie
1319 1230 1364 1272 et
1381 1228 1524 1272 Fran-

120 1318 141 1343 «
172 1299 241 1347 cie
273 1317 391 1363 eque
427 1301 546 1347 bene
581 1317 701 1348 unus
738 1300 856 1348 sicut
893 1301 1008 1348 alter
1044 1301 1244 1349 liberum
1274 1301 1522 1349 transitum

119 1396 139 1420 a
170 1377 398 1424 haberent
416 1394 503 1440 per
522 1377 785 1425 Flandriam
807 1378 864 1425 ad
887 1377 1149 1425 faciendum
1167 1394 1388 1442 guerram
1402 1394 1521 1425 unus

118 1472 139 1497 <1
169 1454 319 1510 alteri,
349 1470 455 1501 cum
482 1454 685 1519 Anglicis
714 1471 878 1518 pacem
911 1454 1190 1501 haberemus
1215 1454 1334 1502 sicut
1360 1454 1516 1517 prius;

116 1548 136 1573 (ι
169 1535 216 1576 et
253 1529 577 1587 marcimonie‚
615 1530 712 1577 sine
751 1531 922 1594 quibus
962 1530 1186 1594 Flamingi
1224 1531 1385 1577 vivere
1424 1546 1518 1577 non

115 1625 136 1650 ι(
168 1606 338 1664 valent,
370 1607 540 1654 iterum
565 1607 877 1655 aducerentur
896 1608 942 1654 in
962 1608 1242 1654 Flandriam.
1272 1607 1367 1654 Nisi
1394 1607 1518 1655 enim

115 1703 135 1728 <t
165 1683 227 1730 ita
254 1683 471 1741 feceritis,
492 1685 692 1747 patriam
713 1691 919 1732 vestram
943 1684 1180 1731 amittetis.
1211 1704 1230 1728 ))
1258 1684 1338 1731 Cui
1360 1700 1518 1731 comes

110 1760 375 1825 indignatus
406 1761 469 1808 ait
509 1779 517 1807 :
559 1781 579 1806 ε(
615 1761 797 1809 Amodo
835 1761 964 1808 eritis
1002 1777 1143 1824 supra
1182 1777 1257 1807 me
1296 1760 1517 1808 dominus

113 1857 133 1881 (ι
165 1838 402 1895 Flandrie,
442 1838 699 1886 secundum
737 1839 882 1885 verba
919 1839 1108 1885 vestra!
1159 1857 1180 1882 >>
1226 1838 1514 1885 Senescallus

109 1931 296 1977 quoque
317 1915 530 1962 Flandrie
551 1915 629 1978 qui
648 1931 799 1978 prope
824 1915 1042 1962 comitem
1064 1920 1180 1971 erat,
1205 1914 1323 1961 dixit
1341 1914 1516 1962 Jacobo

109 1991 236 2054 quod
260 1992 350 2039 iret
372 1992 430 2040 ad
456 1992 796 2040 conficiendum
818 1995 930 2040 mies
957 1999 1003 2040 et
1028 1992 1153 2055 quod
1178 1991 1356 2038 motivo
1382 1990 1517 2037 fatui-

108 2068 217 2116 tatis
243 2069 301 2116 de
325 2069 414 2117 hoc
440 2086 488 2117 se
514 2070 841 2132 interponebat
874 2088 882 2116 :
920 2085 1126 2131 moxque
1152 2068 1210 2115 ad
1239 2068 1322 2114 hec
1348 2067 1511 2123 verba,

108 2146 322 2202 Jamhus,
354 2152 571 2209 presente
606 2146 794 2201 comite,
830 2146 937 2193 fecit
974 2144 1205 2208 amputari
1239 2149 1378 2207 caput
1404 2143 1514 2190 dicti

109 2222 364 2270 senescalli.
388 2227 606 2286 Tuncque
632 2229 931 2271 accesserunt
956 2222 1145 2286 capucia
1165 2221 1267 2268 alba
1292 2221 1516 2268 habentes

108 2304 154 2345 et
180 2315 289 2345 vasa
320 2299 503 2346 comitis
531 2306 829 2363 acceperunt.
862 2301 1028 2347 Comes
1061 2304 1214 2345 autem
1250 2297 1515 2361 pavefactus

108 2381 154 2422 et
176 2376 318 2422 ceteri
343 2376 511 2423 milites
541 2383 674 2424 caute
702 2377 915 2424 exierunt
952 2381 997 2422 et
1030 2375 1246 2439 fugerunt
1272 2380 1404 2422 extra
1430 2373 1515 2420 vil-

108 2452 224 2509 lam3
255 2469 454 2515 cumque
480 2459 603 2500 esset
625 2461 774 2510 extra,
806 2453 974 2499 familie
1000 2469 1163 2500 eorum
1189 2452 1423 2499 duxerunt
1449 2451 1514 2497 eis

108 2545 255 2592 equos
282 2545 392 2575 suos
417 2546 470 2575 ac
495 2529 601 2575 inde
627 2535 754 2576 recta
781 2529 854 2575 via
882 2529 1078 2592 profecti
1105 2534 1211 2576 sunt
1237 2528 1458 2575 Parisius.

173 2609 227 2653 Et
256 2623 339 2653 rex
365 2606 572 2662 Francic,
609 2606 826 2654 dubitans
863 2623 919 2653 ne
951 2606 1174 2671 Flamingi
1208 2611 1397 2669 pactum
1429 2603 1514 2651 ini-

157 2778 188 2812 1.
213 2777 267 2814 Cf.
293 2779 377 2825 plus
398 2780 507 2825 haut,
530 2792 564 2826 p.
589 2781 646 2815 44.
