1923 3358
116 265 220 312 1364]
391 270 761 304 CHRONOGRAPHIA
786 273 939 306 REGUM
964 273 1242 306 FRANCORUM.
1447 270 1515 308 299

113 347 302 397 obtenta
328 354 374 396 et
405 351 463 398 ab
500 350 666 399 eodem
704 368 846 415 super
884 353 972 400 hoc
1003 354 1199 416 prestito
1233 353 1512 418 juramentO,

112 424 213 489 ipse
240 442 346 474 cum
373 427 468 474 suis
495 429 714 476 omnibus
739 429 1057 477 transfretavit
1082 429 1316 478 Kalesium
1341 436 1388 479 et
1408 430 1515 478 inde

112 502 171 549 ad
198 503 434 551 orationes
459 505 588 552 venit
612 505 896 553 Boloniam1.

176 580 351 636 Quibus
380 581 640 644 completis,
676 582 776 645 ipse
807 599 914 630 cum
949 599 1097 631 uxore
1128 601 1227 642 sua,
1263 585 1355 632 filia
1386 585 1516 633 vide-

108 655 216 703 licet
254 657 411 705 Karoli
450 657 508 704 de
545 658 735 714 Blesis²‚
779 659 978 706 condam
1020 660 1253 709 Britannie
1297 662 1428 710 ducis
1470 668 1517 710 et

108 731 285 779 domini
306 733 460 780 Guisie
478 733 523 779 in
541 734 767 781 Terascha
779 736 814 792 3,
833 752 924 798 que
938 736 1110 783 ibidem
1128 737 1212 784 sibi
1228 745 1512 796 occurrerat,

107 827 133 856 a
158 809 346 856 Bolonia
381 809 610 867 discessit,
641 816 688 858 et
723 812 981 877 frangendo
1007 812 1326 877 juramentum
1358 832 1512 873 suum,

106 885 195 933 iter
220 886 348 949 quod
375 886 503 934 ducit
528 887 766 935 Kalesium
795 888 1062 951 relinquens
1085 906 1138 937 ac
1164 897 1326 939 contra
1351 892 1515 940 volun-

106 968 250 1010 tatem
273 969 319 1011 et
346 964 590 1012 consilium
617 965 799 1012 comitis
826 966 1148 1029 Grandisprati
1168 969 1247 1031 qui
1273 974 1384 1016 tunc
1408 986 1514 1017 cum

105 1057 161 1087 eo
178 1046 278 1087 erat
298 1040 343 1087 in
361 1042 608 1098 Terracha‚
633 1042 691 1088 ad
710 1042 933 1101 Guisiam‚
958 1049 1163 1091 castrum
1184 1061 1319 1093 suum
1336 1047 1516 1094 ratione

106 1116 286 1179 prefate
323 1118 482 1165 uxoris
521 1135 619 1174 sue,
658 1125 785 1165 recto
818 1120 1004 1167 tramite
1038 1122 1248 1183 perrexit
1282 1128 1328 1169 et
1366 1140 1516 1186 neque

105 1210 193 1256 pro
212 1199 343 1257 patre
364 1211 515 1258 neque
539 1212 626 1258 pro
650 1197 834 1244 seniore
855 1197 999 1244 fratre
1022 1214 1123 1255 suo,
1144 1198 1262 1246 duce
1287 1203 1516 1247 Norman-

106 1271 198 1326 nie,
232 1288 373 1333 quem
406 1278 602 1335 propter
628 1272 716 1320 hoc
747 1280 880 1336 pater
906 1274 964 1321 ad
997 1275 1151 1338 ipsum
1177 1276 1323 1323 filium
1357 1293 1510 1332 suum,

106 1348 263 1396 statim
289 1355 340 1396 ut
365 1350 424 1397 de
451 1349 550 1414 ejus
573 1350 777 1398 adventu
804 1367 1043 1398 rumorem
1064 1352 1258 1409 audivit,
1281 1370 1429 1416 usque
1455 1354 1514 1401 ad

106 1428 325 1473 Sanctum
358 1427 627 1483 Quintinum
665 1427 710 1473 in
738 1427 1037 1476 Viromandia
1073 1429 1340 1487 destinavit,
1370 1430 1514 1477 nulla-

106 1508 242 1549 tenus
269 1502 491 1566 deinceps
517 1503 563 1549 in
589 1504 801 1567 Angliam
827 1505 1055 1567 repedare
1081 1505 1244 1552 voluit.

170 1583 316 1626 Porro
339 1596 424 1626 rex
450 1581 658 1637 Francie,
682 1580 838 1628 audita
861 1581 1127 1645 hujusmodi
1153 1582 1409 1630 intentione
1434 1584 1513 1631 filii

103 1656 173 1704 sui
199 1656 332 1703 ducis
358 1656 707 1721 Andegavensis
735 1663 781 1705 et
806 1658 1005 1720 qualiter
1026 1675 1075 1706 se
1101 1663 1308 1706 traxerat
1333 1659 1379 1707 in
1405 1677 1514 1723 pre-

102 1732 273 1781 sidium
303 1739 501 1797 propter
534 1750 659 1790 eum,
697 1733 754 1781 de
787 1734 977 1781 Francia
1011 1735 1138 1782 venit
1170 1735 1432 1784 Hisdinium
1467 1737 1513 1784 in

101 1810 315 1858 Arthesio
348 1810 427 1858 ubi
454 1810 631 1874 reperit
656 1827 817 1875 regem
843 1811 967 1874 Cipri
993 1811 1051 1859 ab
1076 1812 1238 1876 Anglia
1270 1818 1514 1860 reverten-

101 1887 223 1934 tem4
249 1905 258 1933 :
280 1903 481 1950 cumque
508 1887 645 1935 simul
673 1888 812 1935 locuti
834 1895 1008 1944 essent,
1030 1905 1115 1936 rex
1136 1889 1259 1952 Cipri
1288 1889 1508 1947 Parisius,

150 2023 182 2058 1.
204 2021 305 2057 Jean
330 2021 375 2057 de
397 2022 564 2058 Venette
591 2023 709 2067 (Ihm,
734 2034 769 2069 p.
795 2023 875 2067 3332)
897 2028 934 2059 et
955 2024 1056 2059 Jean
1077 2023 1122 2059 de
1144 2024 1269 2070 Noyal
1289 2025 1511 2070 (Annuacre-

101 2083 264 2117 Bulletin
283 2082 324 2116 de
346 2084 382 2117 la
408 2082 545 2117 Societe'
569 2083 610 2117 de
638 2082 822 2118 l'Hi'stoz're
848 2084 889 2117 de
913 2084 1063 2125 France,
1091 2083 1215 2118 annee
1243 2083 1347 2128 1883,
1369 2094 1405 2130 p.
1428 2083 1508 2129 ⁶262)

100 2139 227 2175 disent
255 2151 303 2175 au
334 2140 526 2175 contraire
555 2150 628 2186 que
649 2140 767 2175 Louis
794 2138 962 2186 d’Anjou
991 2140 1114 2186 quitta
1141 2139 1398 2187 l’Angleterre
1420 2152 1510 2176 sans

100 2198 224 2235 l'aveu
244 2189 460 2235 d'Edouard
481 2198 554 2244 ΙΙΙ,
577 2209 620 2235 ce
641 2198 705 2245 qui
726 2203 782 2234 est
803 2198 958 2235 inexact
976 2199 1197 2245 (Froissart,
1213 2198 1272 2235 ed.
1288 2199 1451 2246 Kervyn
1465 2199 1510 2236 de

99 2255 356 2302 Lettenhove‚
381 2261 407 2291 t.
432 2255 502 2301 VI,
524 2267 560 2302 p.
586 2255 680 2298 506).
705 2256 808 2292 Pour
830 2256 864 2291 16
893 2260 995 2291 reste
1024 2255 1073 2291 du
1103 2255 1210 2302 iecit,
1233 2256 1270 2292 la
1289 2256 1444 2293 version
1464 2257 1509 2293 de

98 2314 197 2350 Jean
218 2314 264 2350 de
291 2315 418 2362 Noyal
445 2325 485 2350 se
510 2315 722 2361 rapproche
743 2315 942 2361 beaucoup
963 2314 1008 2350 de
1031 2315 1126 2351 celle
1147 2315 1192 2351 de
1213 2315 1251 2351 la
1271 2316 1507 2361 Ghronoyra-

94 2374 198 2418 phia.
222 2373 453 2410 L'entrevue
475 2373 525 2409 du
546 2374 619 2410 duc
647 2373 692 2410 de
719 2373 957 2410 Normandie
986 2379 1024 2410 et
1044 2373 1090 2410 de
1112 2385 1182 2411 son
1209 2374 1308 2410 frere
1330 2380 1395 2411 eut
1416 2374 1507 2421 lieu,

99 2431 253 2467 suivant
273 2432 373 2468 Jean
392 2431 437 2468 de
465 2432 606 2479 Noyal,
632 2433 654 2468 a
674 2433 919 2469 Homblieres
949 2433 1098 2480 (Aisne‚
1121 2432 1450 2470 arrondissement
1470 2440 1508 2470 et

99 2496 242 2527 canton
271 2491 316 2527 de
350 2491 684 2539 Saint-Quentin).
719 2492 811 2529 Ceci
845 2493 1030 2529 confirme
1063 2492 1162 2531 donc
1197 2493 1445 2531 ahsolument
1471 2494 1506 2530 16

98 2550 195 2586 recit
215 2550 261 2587 de
283 2551 319 2585 la
340 2551 659 2597 Chronoyraphia.

145 2609 179 2645 2.
202 2609 234 2644 Il
255 2609 386 2646 l'avait
407 2611 575 2657 epousee
597 2611 631 2646 le
652 2611 671 2646 9
692 2611 818 2658 juillet
840 2612 944 2648 1360.

145 2668 178 2703 3.
200 2668 335 2715 Guise,
349 2668 486 2714 Aisne,
497 2669 827 2707 arrondissement
839 2670 885 2707 de
898 2671 1082 2719 Vervins,
1093 2672 1275 2709 chef-lieu
1287 2671 1332 2708 de
1346 2678 1502 2709 canton.

144 2727 179 2762 4.
200 2727 300 2763 Jean
329 2727 374 2764 de
403 2728 569 2765 Venette
596 2740 645 2765 ne
672 2730 778 2776 parle
808 2741 876 2777 pas
903 2730 949 2767 de
979 2736 1080 2768 cette
1109 2731 1287 2768 derniere
1317 2736 1503 2769 entrevue

99 2792 207 2822 entre
229 2787 262 2823 16
284 2787 339 2824 roi
360 2787 405 2824 de
427 2788 575 2825 France
596 2795 633 2826 et
654 2789 688 2826 le
706 2790 762 2828 roi
783 2789 830 2827 de
851 2790 1018 2840 Chypre.
