1923 3358
132 301 236 349 1345]
407 306 776 339 CHRONOGRAPHIA
802 306 954 339 REGUM
979 305 1257 339 FRANGORUM.
1462 302 1526 338 ‘211

128 391 238 431 runt
266 385 311 432 in
344 386 612 450 Bayoniam,
642 385 720 433 ubi
754 386 851 433 fere
884 385 1047 433 decem
1079 385 1203 432 milia
1235 388 1531 449 Bayonenses

128 461 414 527 collegerunt
439 479 615 510 secum.

192 539 383 586 Interim
413 555 518 586 cum
544 539 817 589 Vasconiam
843 538 953 586 dicti
977 537 1154 602 Anglici
1180 537 1526 601 applicuissent,

126 631 211 662 rex
236 616 397 679 Anglie
417 632 524 663 cum
551 615 842 678 principibus
866 614 999 678 regni
1027 614 1114 670 sui,
1149 615 1323 662 scilicet
1347 614 1527 671 Wallie,

126 691 380 748 Cornubie‚
420 690 501 754 [et]
536 690 750 737 soldariis
788 690 1048 746 extraneis,
1087 690 1276 736 intravit
1317 706 1447 737 mare
1484 695 1531 737 et

125 768 304 831 appulit
348 767 393 814 in
438 767 631 814 insulam
676 766 735 814 de
775 766 1000 830 cagani-„13
1044 766 1247 829 indeque
1291 766 1531 814 mandavit

122 845 296 893 jacobo
336 844 394 892 de
432 843 697 892 Arthevella
734 843 862 906 quod
900 848 1082 890 tantum
1118 859 1229 907 erga
1265 843 1531 907 Flamingos

124 926 399 984 procuraret
415 920 542 983 quod
562 920 872 977 Edowardus,
893 920 1015 967 filius
1036 936 1148 967 suus
1169 920 1526 984 primogenitus,

123 1014 265 1061 quem
291 1013 448 1045 secum
477 997 722 1054 aduxerat,
754 1004 976 1059 tanquam
998 996 1216 1044 dominus
1244 998 1289 1043 in
1319 998 1531 1045 Flandria

122 1074 412 1137 reciperetur
438 1079 484 1121 et
506 1073 633 1138 quod
661 1090 743 1121 eos
770 1080 1039 1138 protegeret
1066 1079 1228 1121 contra
1257 1090 1420 1121 omnes
1446 1075 1532 1121 ini-

123 1152 269 1199 micos
303 1168 485 1208 eorum,
515 1168 695 1199 necnon
730 1151 1024 1214 permitteret
1054 1152 1300 1199 affluenter
1333 1151 1533 1199 merchi-

123 1229 303 1277 monias
322 1229 491 1277 adduci
509 1229 555 1275 in
573 1228 837 1276 Flandriam
858 1228 917 1276 de
935 1229 1099 1293 Anglia
1114 1235 1159 1276 et
1179 1229 1279 1277 aliis
1298 1228 1527 1293 partibus,

117 1305 252 1370 juxta
277 1323 441 1354 eorum
468 1306 854 1369 beneplacitum2.

187 1383 386 1432 Jacobus
412 1400 525 1447 ergo
542 1383 734 1430 veniens
755 1382 1077 1440 Gandavum3,
1104 1388 1386 1447 congregata
1403 1399 1531 1430 com-

122 1460 364 1516 munitate,
394 1459 627 1522 expressit
647 1459 714 1506 eis
739 1464 1004 1522 requestam
1032 1459 1156 1523 regis
1175 1459 1336 1523 Anglie
1358 1465 1403 1506 et
1426 1476 1531 1506 sua-

123 1536 182 1583 sit
211 1536 277 1583 eis
304 1536 514 1600 ejusdem
544 1542 763 1598 requeste
797 1536 1077 1584 consentire.
1115 1535 1195 1584 Cui
1231 1535 1444 1583 homines
1473 1535 1531 1583 de

122 1613 386 1661 communia
420 1619 773 1669 consenserunt,
810 1613 892 1660 sed
928 1613 1186 1677 burgenses
1221 1613 1404 1676 penitus
1436 1612 1532 1660 dis-

122 1697 390 1748 suaserunt3
414 1707 523 1738 nam
541 1689 775 1738 Gerardus
791 1689 999 1746 Dionisii,
1023 1689 1226 1737 decanus
1244 1690 1526 1745 textorum&

120 1767 238 1816 dixit
276 1768 429 1832 palam
465 1769 682 1816 omnibus
713 1768 841 1831 quod
876 1768 1079 1832 pessime
1115 1774 1308 1833 agerent
1344 1768 1398 1824 si,
1441 1785 1529 1832 pro

120 1844 383 1892 obediendo
417 1851 640 1893 extraneo
669 1845 877 1902 domino,
914 1846 1160 1910 proprium
1192 1846 1525 1909 relinquerent.

120 1921 265 1985 Hujus
291 1922 414 1968 enim
444 1922 654 1979 consilio,
687 1921 836 1986 major
870 1939 980 1985 pars
1011 1922 1276 1969 communie
1297 1921 1452 1986 junxit
1480 1937 1529 1969 se

120 2013 227 2045 cum
247 1998 575 2062 burgensibus.

184 2074 383 2123 Jacobus
403 2079 557 2122 autem
584 2074 749 2122 videns
773 2091 937 2122 eorum
957 2074 1290 2130 constanciam,
1315 2074 1434 2122 dixit
1461 2075 1528 2122 eis

170 2251 201 2286 1.
230 2240 411 2286 Edouard
436 2250 495 2286 III
523 2249 647 2297 quitta
680 2249 938 2297 l'Angleterre
968 2250 1003 2285 le
1030 2249 1049 2285 3
1080 2249 1206 2296 juillet
1234 2250 1325 2287 1345
1353 2255 1389 2286 et
1416 2256 1527 2286 entra

120 2308 216 2345 dans
237 2310 272 2345 le
294 2310 415 2357 Zwyn
443 2310 477 2345 le
500 2310 519 2345 5
537 2309 662 2356 juillet
686 2309 819 2356 (baron
839 2309 1000 2356 Kervyn
1028 2308 1074 2345 de
1093 2309 1346 2356 Lettenhove,
1368 2311 1526 2346 Histoire

120 2370 162 2404 cle
181 2369 353 2412 Flandre,
375 2374 402 2404 t.
425 2368 497 2413 III,
518 2379 553 2415 p.
577 2368 672 2414 290).

166 2427 201 2463 2.
225 2427 392 2474 Jacques
414 2426 660 2463 d'Artevelde
683 2427 810 2464 arriva
830 2427 865 2463 le
887 2428 905 2462 7
924 2427 1050 2474 juillet
1065 2427 1087 2462 ἐι
1102 2417 1267 2464 l’E'cluse
1288 2439 1384 2474 pour
1400 2428 1525 2464 confe-

121 2497 183 2522 rer
203 2496 296 2522 avec
317 2476 495 2522 Edouard
511 2486 581 2531 III,
598 2486 663 2533 qui
679 2486 836 2533 repartit
857 2487 891 2522 le
907 2486 948 2522 24
966 2491 1004 2522 et
1020 2486 1074 2522 fut
1086 2487 1163 2534 jete
1181 2486 1280 2524 deux
1293 2487 1399 2534 jours
1414 2489 1523 2534 apres

118 2556 189 2592 par
209 2555 285 2580 une
305 2545 472 2591 tempete
495 2556 560 2581 sur
580 2546 635 2581 les
658 2546 763 2582 cotes
783 2545 1052 2593 d’Angleterre
1076 2547 1195 2593 (Ibid.,
1217 2558 1253 2594 p.
1276 2546 1372 2593 292).

166 2604 203 2640 3.
227 2604 270 2640 24
289 2603 416 2650 juillet
437 2604 540 2640 1345.

166 2664 200 2699 4.
225 2663 371 2699 Gerard
395 2663 540 2710 Denys,
556 2663 681 2710 doyen
703 2663 769 2699 des
789 2663 1017 2710 tisserands,
1034 2665 1136 2702 avait
1157 2666 1217 2701 ete
1239 2670 1403 2702 soutenu
1425 2665 1524 2701 deux

122 2722 220 2759 mois
242 2728 480 2769 auparavant
499 2733 568 2770 par
589 2722 796 2759 Artevelde
810 2723 845 2770 (2
859 2723 937 2759 mai
960 2724 1062 2768 1345)
1076 2724 1172 2760 dans
1192 2736 1270 2761 une
1291 2726 1442 2761 emeute
1458 2724 1523 2761 des

121 2782 272 2819 foulons
294 2788 427 2819 contre
448 2782 503 2818 les
522 2782 734 2819 tisserands
758 2784 878 2829 (llud,
900 2795 935 2830 p.
958 2783 1024 2820 ‘287
1046 2789 1084 2820 et
1105 2784 1201 2830 288).
