1923 3358
350 250 415 288 334
620 251 991 285 CHRONOGRAPHIA
1018 250 1171 283 REGUM
1198 250 1476 283 FRANCORUM.
1529 247 1750 294 [1368-1369

413 337 469 381 Et
488 349 571 379 rex
590 334 754 378 Petrus
775 332 854 395 qui
881 338 981 378 erat
1005 331 1051 377 in
1078 329 1277 386 Sibilia1‚
1302 346 1414 377 mox
1441 337 1493 378 ut
1517 331 1602 378 hec
1621 333 1752 380 audi-

348 409 430 464 vit,
461 407 573 454 abiit
598 406 657 453 ad
686 422 822 470 reges
856 406 1160 454 Bellemarine
1192 410 1236 452 et
1264 406 1463 453 Grenate
1496 411 1543 454 et
1567 406 1676 454 alibi
1701 425 1755 455 ac

346 485 443 532 fere
466 499 573 531 cum
597 489 678 531 xi?
697 483 884 532 milibus
909 483 1176 532 hominum2
1202 483 1314 530 abiit
1333 499 1501 530 versus
1521 483 1750 532 Toletum.

346 563 446 618 Quo
471 560 647 617 audito,
677 577 762 608 rex
787 561 1014 609 Henricus
1035 567 1081 608 et
1097 560 1384 608 Bertrandus
1404 559 1463 607 de
1490 560 1751 624 Glaiquino,

345 637 574 684 secrecius
613 652 754 699 quam
789 638 1088 700 potuer-unffi,
1134 636 1324 684 obviam
1358 635 1424 684 eis
1462 636 1678 684 abierunt
1710 642 1757 684 et

343 712 665 778 antegardiam
684 729 867 770 eorum,
889 730 1030 777 quam
1053 713 1335 770 Ferrandus,
1358 728 1516 760 comes
1542 713 1757 760 Castren-

344 790 455 844 sis&
494 789 710 848 ducebat,
749 796 943 854 repente
979 790 1188 855 aggressi
1225 797 1360 847 sunt3
1396 789 1567 853 quibus
1599 789 1752 846 victis,

345 867 477 915 multi
502 866 745 915 redierunt
781 867 840 915 ad
876 872 1029 914 castra
1057 867 1182 932 regis
1216 867 1358 914 Petri.
1388 870 1535 915 Porro
1567 866 1757 914 soldarii

345 943 604 1000 sarraceni,
628 943 715 991 hiis
732 943 918 1001 auditis,
941 961 1033 991 non
1055 943 1281 991 audentes
1307 943 1481 991 bellum
1506 949 1757 1008 expectare

344 1020 452 1084 fuge
470 1019 728 1082 presidium
748 1019 1008 1083 elegerunt.
1032 1023 1230 1083 Insuper
1249 1035 1334 1066 rex
1353 1022 1518 1067 Petrus
1539 1025 1586 1067 et
1605 1019 1758 1067 dictus

345 1097 628 1154 Ferrandus,
658 1113 766 1144 cum
799 1096 1083 1160 quibusdam
1114 1097 1232 1154 aliis,
1263 1097 1484 1161 fugerunt
1513 1097 1560 1144 in
1593 1095 1760 1146 castel-

346 1172 443 1220 lum
464 1173 592 1236 quod
612 1172 781 1220 dicitur
801 1172 859 1220 de
880 1172 1064 1220 Motello
1078 1174 1114 1220 5.

411 1253 511 1298 Rex
543 1255 699 1298 autem
734 1249 982 1307 Henricus‚
1022 1250 1110 1297 hoc
1150 1249 1334 1307 audito,
1374 1249 1530 1297 statim
1565 1248 1680 1297 abiit
1713 1254 1762 1296 et

346 1327 534 1375 obsedit
572 1328 831 1375 castellum.
878 1330 1026 1375 Porro
1067 1344 1152 1375 rex
1197 1331 1364 1375 Petrus
1400 1327 1566 1375 videns
1607 1343 1657 1374 se
1697 1326 1760 1373 ita

346 1403 609 1461 obsessum,
640 1405 825 1452 vocavit
851 1410 1030 1452 secrete
1062 1421 1211 1452 unum
1236 1407 1516 1453 Wasconem
1549 1403 1627 1467 qui
1658 1408 1760 1450 erat

346 1498 452 1529 cum
478 1482 739 1530 Bertrando
758 1481 816 1529 de
835 1481 1078 1544 Glaiquino
1099 1488 1145 1529 et
1168 1482 1298 1544 prius
1325 1482 1476 1529 fuerat
1500 1496 1609 1528 cum
1628 1480 1759 1544 prin-

347 1559 450 1624 cipe
476 1560 656 1617 Wallie,
686 1560 997 1624 promisitque
1032 1560 1202 1607 multas
1234 1559 1470 1623 pecunias,
1501 1558 1760 1606 dummodo

349 1653 455 1683 eum
485 1636 705 1684 educeret
734 1636 791 1684 de
818 1636 1034 1684 manibus
1059 1636 1356 1684 inimicorum
1383 1653 1604 1693 suorum3
1632 1634 1760 1699 quod

348 1729 454 1760 cum
481 1713 717 1761 annuisset
738 1714 810 1760 vir
837 1714 929 1770 ille,
954 1730 1039 1760 rex
1059 1716 1226 1761 Petrus
1252 1721 1429 1761 secrete
1449 1713 1563 1760 exiit
1583 1712 1641 1760 de
1661 1729 1761 1760 cas-

345 1790 498 1837 telloss.
522 1790 601 1839 Vir
630 1796 786 1837 autem
811 1790 891 1853 qui
918 1807 1025 1837 eum
1053 1790 1362 1844 conducebat,
1399 1789 1534 1837 duxit
1562 1805 1670 1837 eum
1698 1788 1756 1836 ad

347 1866 603 1914 tentorium
640 1866 823 1914 Henrici
858 1867 999 1930 regis,
1044 1866 1122 1929 qui
1158 1866 1316 1914 statim
1350 1866 1459 1913 fecit
1491 1882 1598 1913 eum
1625 1865 1761 1913 deca-

345 1943 483 2007 pitari
518 1948 565 1990 et
596 1949 736 2007 caput
768 1943 867 2008 ejus
893 1943 939 1990 in
968 1943 1082 1991 huto
1119 1943 1256 1991 unius
1288 1943 1445 1991 lancee
1480 1943 1756 2007 superponi.

349 2019 522 2067 Deinde
542 2035 649 2067 cum
673 2020 829 2084 ipsum
854 2026 995 2084 caput
1014 2020 1345 2069 ostenderetur
1364 2019 1452 2068 illis
1475 2020 1533 2067 de
1551 2019 1757 2077 castello,

349 2096 503 2143 statim
520 2113 568 2144 se
586 2096 895 2145 reddiderunt
911 2102 957 2144 et
971 2096 1149 2160 recepti
1167 2102 1275 2145 sunt
1289 2113 1453 2144 omnes
1470 2114 1496 2144 a
1512 2113 1624 2161 rege
1638 2099 1762 2144 Hen-

349 2173 464 2231 rico,
494 2179 691 2237 excepto
719 2175 890 2222 comite
915 2174 1148 2222 Castrensi
1174 2190 1316 2238 quem
1341 2173 1561 2221 decollari
1582 2173 1738 2238 jussit.

398 2320 430 2355 1.
454 2319 657 2365 Froissart,
681 2319 738 2355 e'd.
762 2319 879 2366 Luce,
902 2325 929 2356 t.
953 2319 1041 2363 VH,
1065 2331 1099 2366 p.
1124 2331 1228 2365 xxm,
1251 2325 1341 2355 note
1363 2321 1396 2356 5.

396 2378 431 2414 2.
454 2378 576 2425 Vingt
595 2379 700 2415 mille
721 2380 897 2415 hommes
925 2390 973 2415 ou
1001 2379 1132 2424 60,000
1159 2379 1351 2424 hommes,
1380 2378 1488 2415 selon
1514 2378 1570 2415 les
1599 2388 1759 2414 manus-

349 2437 441 2474 crits
463 2437 508 2474 de
530 2437 566 2473 la
587 2438 793 2483 Glzronz'qece
815 2440 1019 2474 normande
1042 2444 1089 2485 (p.
1118 2438 1210 2480 186›.

396 2495 429 2532 3.
453 2495 503 2531 Ge
532 2495 587 2530 fut
616 2506 664 2531 en
696 2496 785 2532 effet
811 2507 886 2532 une
921 2496 1090 2543 surprise
1119 2495 1337 2542 (Froissart,
1373 2495 1431 2532 ed.
1461 2495 1581 2542 Luce,
1613 2500 1641 2531 t.
1670 2494 1758 2541 VH,

349 2565 384 2600 p.
408 2566 510 2601 xxxi,
534 2558 624 2590 note
644 2553 692 2599 2).

397 2612 431 2647 4.
454 2612 541 2647 Don
562 2611 742 2647 Fernand
763 2612 808 2648 de
830 2613 978 2650 Castro.

398 2671 431 2706 5.
454 2670 628 2707 Montiel.
650 2691 696 2697 —
717 2671 757 2706 14
780 2683 883 2708 mars
907 2673 1011 2709 1369.

400 2728 431 2763 6.
456 2728 543 2765 Ceci
567 2740 606 2765 se
626 2739 739 2776 passa
759 2728 854 2764 dans
876 2730 912 2765 la
933 2731 1017 2767 nuit
1037 2730 1086 2766 du
1107 2730 1150 2767 <23
1173 2741 1277 2767 mars
1299 2730 1402 2767 1369.
