<?xml version="1.0" encoding="UTF-8"?>
<!DOCTYPE html PUBLIC "-//W3C//DTD XHTML 1.0 Transitional//EN"
    "http://www.w3.org/TR/xhtml1/DTD/xhtml1-transitional.dtd">
<html xmlns="http://www.w3.org/1999/xhtml" xml:lang="en" lang="en">
 <head>
  <title>
</title>
<meta http-equiv="Content-Type" content="text/html;charset=utf-8" />
  <meta name='ocr-system' content='tesseract 3.04.00' />
  <meta name='ocr-capabilities' content='ocr_page ocr_carea ocr_par ocr_line ocrx_word'/>
</head>
<body>
  <div class='ocr_page' id='page_1' title='image "./chronographiareg02mora_0140.png"; bbox 0 0 1923 3358; ppageno 0'>
   <div class='ocr_carea' id='block_1_1' title="bbox 404 238 1805 285">
    <p class='ocr_par' dir='ltr' id='par_1_1' title="bbox 404 238 1805 285">
     <span class='ocr_line' id='line_1_1' title="bbox 404 238 1805 285; baseline -0.001 -10"><span class='ocrx_word' id='word_1_1' title='bbox 404 239 470 275; x_wconf 70' lang='lat'>1⁶28</span> <span class='ocrx_word' id='word_1_2' title='bbox 676 239 1047 272; x_wconf 80' lang='lat' dir='ltr'><strong>CHRONOGRAPHIA</strong></span> <span class='ocrx_word' id='word_1_3' title='bbox 1073 240 1225 272; x_wconf 87' lang='lat' dir='ltr'>REGUM</span> <span class='ocrx_word' id='word_1_4' title='bbox 1250 240 1528 273; x_wconf 82' lang='lat' dir='ltr'>FRANCORUM.</span> <span class='ocrx_word' id='word_1_5' title='bbox 1700 238 1805 285; x_wconf 83' lang='grc'>[1340</span> 
     </span>
    </p>
   </div>
   <div class='ocr_carea' id='block_1_2' title="bbox 393 318 1806 2364">
    <p class='ocr_par' dir='ltr' id='par_1_2' title="bbox 400 318 1806 521">
     <span class='ocr_line' id='line_1_2' title="bbox 401 318 1806 385; baseline 0 -17"><span class='ocrx_word' id='word_1_6' title='bbox 401 320 573 385; x_wconf 83' lang='lat' dir='ltr'>gundie</span> <span class='ocrx_word' id='word_1_7' title='bbox 614 320 738 367; x_wconf 87' lang='lat' dir='ltr'>stetit</span> <span class='ocrx_word' id='word_1_8' title='bbox 779 318 1046 381; x_wconf 85' lang='lat' dir='ltr'>aliquandiu</span> <span class='ocrx_word' id='word_1_9' title='bbox 1084 319 1130 365; x_wconf 93' lang='lat' dir='ltr'>in</span> <span class='ocrx_word' id='word_1_10' title='bbox 1166 319 1342 383; x_wconf 91' lang='lat' dir='ltr'>campis</span> <span class='ocrx_word' id='word_1_11' title='bbox 1378 325 1425 366; x_wconf 90' lang='lat' dir='ltr'>et</span> <span class='ocrx_word' id='word_1_12' title='bbox 1453 325 1617 382; x_wconf 85' lang='lat' dir='ltr'>postea</span> <span class='ocrx_word' id='word_1_13' title='bbox 1640 321 1806 369; x_wconf 85' lang='lat' dir='ltr'>videns</span> 
     </span>
     <span class='ocr_line' id='line_1_3' title="bbox 401 395 1806 452; baseline 0 -7"><span class='ocrx_word' id='word_1_14' title='bbox 401 398 633 445; x_wconf 80' lang='lat' dir='ltr'><strong>nemiuem</strong></span> <span class='ocrx_word' id='word_1_15' title='bbox 675 395 857 452; x_wconf 87' lang='lat' dir='ltr'>venire,</span> <span class='ocrx_word' id='word_1_16' title='bbox 901 412 1120 444; x_wconf 85' lang='lat' dir='ltr'>reversus</span> <span class='ocrx_word' id='word_1_17' title='bbox 1166 403 1237 444; x_wconf 87' lang='lat' dir='ltr'>est</span> <span class='ocrx_word' id='word_1_18' title='bbox 1284 396 1343 444; x_wconf 89' lang='lat' dir='ltr'>ad</span> <span class='ocrx_word' id='word_1_19' title='bbox 1387 399 1606 445; x_wconf 88' lang='lat' dir='ltr'>Sanctum</span> <span class='ocrx_word' id='word_1_20' title='bbox 1649 399 1806 446; x_wconf 84' lang='lat' dir='ltr'>Audo-</span> 
     </span>
     <span class='ocr_line' id='line_1_4' title="bbox 400 490 599 521; baseline -0.005 -1"><span class='ocrx_word' id='word_1_21' title='bbox 400 490 599 521; x_wconf 90' lang='lat' dir='ltr'>marum.</span> 
     </span>
    </p>

    <p class='ocr_par' dir='ltr' id='par_1_3' title="bbox 394 548 1806 1765">
     <span class='ocr_line' id='line_1_5' title="bbox 462 548 1804 598; baseline 0.002 -3"><span class='ocrx_word' id='word_1_22' title='bbox 462 552 609 596; x_wconf 88' lang='lat' dir='ltr'>Porro</span> <span class='ocrx_word' id='word_1_23' title='bbox 639 548 870 597; x_wconf 89' lang='lat' dir='ltr'>Robertus</span> <span class='ocrx_word' id='word_1_24' title='bbox 906 549 964 596; x_wconf 92' lang='lat' dir='ltr'>de</span> <span class='ocrx_word' id='word_1_25' title='bbox 999 549 1215 597; x_wconf 88' lang='lat' dir='ltr'>Arthesio</span> <span class='ocrx_word' id='word_1_26' title='bbox 1250 549 1398 598; x_wconf 89' lang='lat' dir='ltr'>movit</span> <span class='ocrx_word' id='word_1_27' title='bbox 1439 555 1594 598; x_wconf 88' lang='lat' dir='ltr'>castra</span> <span class='ocrx_word' id='word_1_28' title='bbox 1633 567 1716 598; x_wconf 91' lang='lat' dir='ltr'>sua</span> <span class='ocrx_word' id='word_1_29' title='bbox 1757 557 1804 598; x_wconf 88' lang='lat' dir='ltr'>et</span> 
     </span>
     <span class='ocr_line' id='line_1_6' title="bbox 398 627 1804 692; baseline 0.003 -20"><span class='ocrx_word' id='word_1_30' title='bbox 398 627 524 673; x_wconf 86' lang='lat' dir='ltr'>venit</span> <span class='ocrx_word' id='word_1_31' title='bbox 548 642 714 674; x_wconf 88' lang='lat' dir='ltr'>versus</span> <span class='ocrx_word' id='word_1_32' title='bbox 743 629 962 675; x_wconf 84' lang='lat' dir='ltr'>Sanctum</span> <span class='ocrx_word' id='word_1_33' title='bbox 991 627 1329 675; x_wconf 85' lang='lat' dir='ltr'>Audomarum.</span> <span class='ocrx_word' id='word_1_34' title='bbox 1359 630 1623 692; x_wconf 84' lang='lat' dir='ltr'>Brugenses</span> <span class='ocrx_word' id='word_1_35' title='bbox 1648 633 1804 676; x_wconf 85' lang='lat' dir='ltr'>autem</span> 
     </span>
     <span class='ocr_line' id='line_1_7' title="bbox 398 702 1799 767; baseline 0.002 -17"><span class='ocrx_word' id='word_1_36' title='bbox 398 703 474 766; x_wconf 87' lang='lat' dir='ltr'>qui</span> <span class='ocrx_word' id='word_1_37' title='bbox 509 702 737 751; x_wconf 86' lang='lat' dir='ltr'>faciebant</span> <span class='ocrx_word' id='word_1_38' title='bbox 767 703 970 767; x_wconf 82' lang='lat' dir='ltr'>primam</span> <span class='ocrx_word' id='word_1_39' title='bbox 1006 704 1153 751; x_wconf 84' lang='lat' dir='ltr'>aciem</span> <span class='ocrx_word' id='word_1_40' title='bbox 1184 710 1230 751; x_wconf 93' lang='lat' dir='ltr'>et</span> <span class='ocrx_word' id='word_1_41' title='bbox 1262 705 1585 753; x_wconf 84' lang='lat' dir='ltr'>conducebant</span> <span class='ocrx_word' id='word_1_42' title='bbox 1616 721 1799 762; x_wconf 85' lang='lat' dir='ltr'>currus,</span> 
     </span>
     <span class='ocr_line' id='line_1_8' title="bbox 398 780 1803 838; baseline 0.001 -11"><span class='ocrx_word' id='word_1_43' title='bbox 398 786 624 828; x_wconf 86' lang='lat' dir='ltr'>venerunt</span> <span class='ocrx_word' id='word_1_44' title='bbox 660 780 718 828; x_wconf 94' lang='lat' dir='ltr'>ad</span> <span class='ocrx_word' id='word_1_45' title='bbox 758 781 990 838; x_wconf 77' lang='lat' dir='ltr'>Archas¹3</span> <span class='ocrx_word' id='word_1_46' title='bbox 1031 781 1092 829; x_wconf 87' lang='lat' dir='ltr'>illi</span> <span class='ocrx_word' id='word_1_47' title='bbox 1131 798 1246 829; x_wconf 88' lang='lat' dir='ltr'>vero</span> <span class='ocrx_word' id='word_1_48' title='bbox 1284 782 1341 829; x_wconf 92' lang='lat' dir='ltr'>de</span> <span class='ocrx_word' id='word_1_49' title='bbox 1378 782 1542 829; x_wconf 88' lang='lat' dir='ltr'>Furnis</span> <span class='ocrx_word' id='word_1_50' title='bbox 1584 782 1803 830; x_wconf 84' lang='lat' dir='ltr'>nolebant</span> 
     </span>
     <span class='ocr_line' id='line_1_9' title="bbox 396 857 1805 916; baseline 0.001 -12"><span class='ocrx_word' id='word_1_51' title='bbox 396 857 594 905; x_wconf 87' lang='lat' dir='ltr'>transire</span> <span class='ocrx_word' id='word_1_52' title='bbox 614 861 796 905; x_wconf 90' lang='lat' dir='ltr'>Novum</span> <span class='ocrx_word' id='word_1_53' title='bbox 817 861 1077 906; x_wconf 83' lang='lat' dir='ltr'><strong>Fossatum.</strong></span> <span class='ocrx_word' id='word_1_54' title='bbox 1102 859 1234 916; x_wconf 81' lang='lat' dir='ltr'>Quod</span> <span class='ocrx_word' id='word_1_55' title='bbox 1254 859 1464 915; x_wconf 89' lang='lat' dir='ltr'>audiens,</span> <span class='ocrx_word' id='word_1_56' title='bbox 1489 859 1722 907; x_wconf 86' lang='lat' dir='ltr'>Robertus</span> <span class='ocrx_word' id='word_1_57' title='bbox 1746 859 1805 906; x_wconf 94' lang='lat' dir='ltr'>de</span> 
     </span>
     <span class='ocr_line' id='line_1_10' title="bbox 397 935 1806 1001; baseline 0.001 -19"><span class='ocrx_word' id='word_1_58' title='bbox 397 935 612 983; x_wconf 87' lang='lat' dir='ltr'>Arthesio</span> <span class='ocrx_word' id='word_1_59' title='bbox 652 935 760 982; x_wconf 89' lang='lat' dir='ltr'>fecit</span> <span class='ocrx_word' id='word_1_60' title='bbox 801 935 1030 1000; x_wconf 82' lang='lat' dir='ltr'>divulgari</span> <span class='ocrx_word' id='word_1_61' title='bbox 1075 936 1200 999; x_wconf 87' lang='lat' dir='ltr'>apud</span> <span class='ocrx_word' id='word_1_62' title='bbox 1246 954 1326 984; x_wconf 89' lang='lat' dir='ltr'>eos</span> <span class='ocrx_word' id='word_1_63' title='bbox 1369 937 1497 1000; x_wconf 91' lang='lat' dir='ltr'>quod</span> <span class='ocrx_word' id='word_1_64' title='bbox 1541 940 1806 1001; x_wconf 85' lang='lat' dir='ltr'>Brugenses</span> 
     </span>
     <span class='ocr_line' id='line_1_11' title="bbox 398 1012 1806 1078; baseline 0.004 -21"><span class='ocrx_word' id='word_1_65' title='bbox 398 1012 665 1075; x_wconf 79' lang='lat' dir='ltr'>pugnabant</span> <span class='ocrx_word' id='word_1_66' title='bbox 691 1012 813 1058; x_wconf 87' lang='lat' dir='ltr'>inter</span> <span class='ocrx_word' id='word_1_67' title='bbox 833 1028 881 1059; x_wconf 90' lang='lat' dir='ltr'>se</span> <span class='ocrx_word' id='word_1_68' title='bbox 907 1018 953 1059; x_wconf 89' lang='lat' dir='ltr'>et</span> <span class='ocrx_word' id='word_1_69' title='bbox 979 1012 1105 1075; x_wconf 91' lang='lat' dir='ltr'>quod</span> <span class='ocrx_word' id='word_1_70' title='bbox 1128 1013 1194 1060; x_wconf 89' lang='lat' dir='ltr'>eis</span> <span class='ocrx_word' id='word_1_71' title='bbox 1215 1020 1544 1062; x_wconf 72' lang='lat' dir='ltr'>succurrerent</span> <span class='ocrx_word' id='word_1_72' title='bbox 1567 1033 1576 1061; x_wconf 92' lang='lat'><strong>:</strong></span> <span class='ocrx_word' id='word_1_73' title='bbox 1599 1015 1679 1078; x_wconf 91' lang='lat' dir='ltr'>qui</span> <span class='ocrx_word' id='word_1_74' title='bbox 1700 1030 1806 1062; x_wconf 91' lang='lat' dir='ltr'>cum</span> 
     </span>
     <span class='ocr_line' id='line_1_12' title="bbox 395 1087 1804 1154; baseline 0.004 -20"><span class='ocrx_word' id='word_1_75' title='bbox 395 1087 484 1134; x_wconf 91' lang='lat' dir='ltr'>hoc</span> <span class='ocrx_word' id='word_1_76' title='bbox 514 1088 769 1145; x_wconf 87' lang='lat' dir='ltr'>audissent,</span> <span class='ocrx_word' id='word_1_77' title='bbox 799 1089 992 1136; x_wconf 90' lang='lat' dir='ltr'>dimisso</span> <span class='ocrx_word' id='word_1_78' title='bbox 1022 1089 1267 1152; x_wconf 87' lang='lat' dir='ltr'>proposito</span> <span class='ocrx_word' id='word_1_79' title='bbox 1297 1107 1400 1148; x_wconf 88' lang='lat' dir='ltr'>suo,</span> <span class='ocrx_word' id='word_1_80' title='bbox 1424 1097 1654 1138; x_wconf 86' lang='lat' dir='ltr'>venerunt</span> <span class='ocrx_word' id='word_1_81' title='bbox 1679 1091 1804 1154; x_wconf 89' lang='lat' dir='ltr'>apud</span> 
     </span>
     <span class='ocr_line' id='line_1_13' title="bbox 396 1165 1800 1231; baseline 0.002 -19"><span class='ocrx_word' id='word_1_82' title='bbox 396 1165 570 1212; x_wconf 89' lang='lat' dir='ltr'>Archas</span> <span class='ocrx_word' id='word_1_83' title='bbox 606 1171 651 1213; x_wconf 85' lang='lat' dir='ltr'>et</span> <span class='ocrx_word' id='word_1_84' title='bbox 684 1166 962 1213; x_wconf 88' lang='lat' dir='ltr'>invenerunt</span> <span class='ocrx_word' id='word_1_85' title='bbox 993 1169 1256 1231; x_wconf 84' lang='lat' dir='ltr'>Brugenses</span> <span class='ocrx_word' id='word_1_86' title='bbox 1290 1167 1465 1215; x_wconf 89' lang='lat' dir='ltr'>ibidem</span> <span class='ocrx_word' id='word_1_87' title='bbox 1496 1184 1545 1215; x_wconf 90' lang='lat' dir='ltr'>se</span> <span class='ocrx_word' id='word_1_88' title='bbox 1579 1167 1800 1215; x_wconf 85' lang='lat' dir='ltr'>locantes.</span> 
     </span>
     <span class='ocr_line' id='line_1_14' title="bbox 397 1242 1806 1308; baseline 0.003 -20"><span class='ocrx_word' id='word_1_89' title='bbox 397 1242 679 1304; x_wconf 88' lang='lat' dir='ltr'>Interimque</span> <span class='ocrx_word' id='word_1_90' title='bbox 726 1243 949 1307; x_wconf 85' lang='lat' dir='ltr'>sagittarii</span> <span class='ocrx_word' id='word_1_91' title='bbox 1001 1251 1306 1291; x_wconf 82' lang='lat' dir='ltr'>cucurrerunt</span> <span class='ocrx_word' id='word_1_92' title='bbox 1349 1261 1496 1307; x_wconf 88' lang='lat' dir='ltr'>usque</span> <span class='ocrx_word' id='word_1_93' title='bbox 1539 1244 1597 1291; x_wconf 90' lang='lat' dir='ltr'>ad</span> <span class='ocrx_word' id='word_1_94' title='bbox 1643 1251 1806 1308; x_wconf 88' lang='lat' dir='ltr'>portas</span> 
     </span>
     <span class='ocr_line' id='line_1_15' title="bbox 397 1318 1804 1385; baseline 0.001 -19"><span class='ocrx_word' id='word_1_95' title='bbox 397 1318 550 1366; x_wconf 82' lang='lat' dir='ltr'>Sancti</span> <span class='ocrx_word' id='word_1_96' title='bbox 589 1318 866 1376; x_wconf 80' lang='lat' dir='ltr'>Audomari‚</span> <span class='ocrx_word' id='word_1_97' title='bbox 908 1326 1151 1383; x_wconf 91' lang='lat' dir='ltr'>portantes</span> <span class='ocrx_word' id='word_1_98' title='bbox 1188 1337 1333 1368; x_wconf 90' lang='lat' dir='ltr'>unum</span> <span class='ocrx_word' id='word_1_99' title='bbox 1367 1321 1590 1368; x_wconf 88' lang='lat' dir='ltr'>vexillum</span> <span class='ocrx_word' id='word_1_100' title='bbox 1627 1321 1674 1368; x_wconf 87' lang='lat' dir='ltr'>in</span> <span class='ocrx_word' id='word_1_101' title='bbox 1710 1338 1804 1385; x_wconf 91' lang='lat' dir='ltr'>quo</span> 
     </span>
     <span class='ocr_line' id='line_1_16' title="bbox 395 1396 1805 1463; baseline 0.003 -22"><span class='ocrx_word' id='word_1_102' title='bbox 395 1400 527 1442; x_wconf 85' lang='lat' dir='ltr'>erant</span> <span class='ocrx_word' id='word_1_103' title='bbox 553 1412 682 1442; x_wconf 90' lang='lat' dir='ltr'>arma</span> <span class='ocrx_word' id='word_1_104' title='bbox 713 1396 906 1444; x_wconf 87' lang='lat' dir='ltr'>Roberti</span> <span class='ocrx_word' id='word_1_105' title='bbox 938 1397 997 1444; x_wconf 92' lang='lat' dir='ltr'>de</span> <span class='ocrx_word' id='word_1_106' title='bbox 1028 1397 1261 1453; x_wconf 87' lang='lat' dir='ltr'>Arthesio,</span> <span class='ocrx_word' id='word_1_107' title='bbox 1291 1398 1631 1462; x_wconf 80' lang='lat' dir='ltr'>mittebantque</span> <span class='ocrx_word' id='word_1_108' title='bbox 1664 1398 1805 1463; x_wconf 86' lang='lat' dir='ltr'>sagit-</span> 
     </span>
     <span class='ocr_line' id='line_1_17' title="bbox 395 1473 1802 1535; baseline 0.001 -16"><span class='ocrx_word' id='word_1_109' title='bbox 395 1478 465 1519; x_wconf 85' lang='lat' dir='ltr'>tas</span> <span class='ocrx_word' id='word_1_110' title='bbox 491 1477 653 1519; x_wconf 84' lang='lat' dir='ltr'>contra</span> <span class='ocrx_word' id='word_1_111' title='bbox 677 1478 864 1535; x_wconf 91' lang='lat' dir='ltr'>portam</span> <span class='ocrx_word' id='word_1_112' title='bbox 890 1473 935 1519; x_wconf 92' lang='lat' dir='ltr'>in</span> <span class='ocrx_word' id='word_1_113' title='bbox 970 1490 1166 1521; x_wconf 88' lang='lat' dir='ltr'>numero</span> <span class='ocrx_word' id='word_1_114' title='bbox 1199 1473 1417 1521; x_wconf 86' lang='lat' dir='ltr'>mirabili.</span> <span class='ocrx_word' id='word_1_115' title='bbox 1448 1473 1532 1531; x_wconf 83' lang='lat' dir='ltr'>Qui</span> <span class='ocrx_word' id='word_1_116' title='bbox 1565 1479 1723 1521; x_wconf 89' lang='lat' dir='ltr'>autem</span> <span class='ocrx_word' id='word_1_117' title='bbox 1756 1474 1802 1521; x_wconf 92' lang='lat' dir='ltr'>in</span> 
     </span>
     <span class='ocr_line' id='line_1_18' title="bbox 394 1550 1803 1616; baseline 0.001 -20"><span class='ocrx_word' id='word_1_118' title='bbox 394 1554 530 1612; x_wconf 89' lang='lat' dir='ltr'>porta</span> <span class='ocrx_word' id='word_1_119' title='bbox 556 1555 706 1606; x_wconf 83' lang='lat' dir='ltr'>erant,</span> <span class='ocrx_word' id='word_1_120' title='bbox 729 1567 823 1597; x_wconf 91' lang='lat' dir='ltr'>uno</span> <span class='ocrx_word' id='word_1_121' title='bbox 849 1550 1027 1614; x_wconf 89' lang='lat' dir='ltr'>impetu</span> <span class='ocrx_word' id='word_1_122' title='bbox 1054 1551 1269 1599; x_wconf 83' lang='lat' dir='ltr'>exierunt</span> <span class='ocrx_word' id='word_1_123' title='bbox 1294 1557 1456 1598; x_wconf 88' lang='lat' dir='ltr'>contra</span> <span class='ocrx_word' id='word_1_124' title='bbox 1481 1568 1589 1607; x_wconf 87' lang='lat' dir='ltr'>eos;</span> <span class='ocrx_word' id='word_1_125' title='bbox 1614 1551 1803 1616; x_wconf 87' lang='lat' dir='ltr'>sagitta-</span> 
     </span>
     <span class='ocr_line' id='line_1_19' title="bbox 394 1626 1801 1693; baseline 0.003 -21"><span class='ocrx_word' id='word_1_126' title='bbox 394 1626 450 1672; x_wconf 87' lang='lat' dir='ltr'>rii</span> <span class='ocrx_word' id='word_1_127' title='bbox 464 1643 576 1674; x_wconf 89' lang='lat' dir='ltr'>vero</span> <span class='ocrx_word' id='word_1_128' title='bbox 598 1632 729 1691; x_wconf 83' lang='lat' dir='ltr'>terga</span> <span class='ocrx_word' id='word_1_129' title='bbox 743 1633 986 1675; x_wconf 88' lang='lat' dir='ltr'>verterunt</span> <span class='ocrx_word' id='word_1_130' title='bbox 1007 1634 1054 1675; x_wconf 91' lang='lat' dir='ltr'>et</span> <span class='ocrx_word' id='word_1_131' title='bbox 1073 1629 1306 1692; x_wconf 83' lang='lat' dir='ltr'>persecuti</span> <span class='ocrx_word' id='word_1_132' title='bbox 1327 1635 1434 1677; x_wconf 85' lang='lat' dir='ltr'>sunt</span> <span class='ocrx_word' id='word_1_133' title='bbox 1453 1629 1511 1676; x_wconf 92' lang='lat' dir='ltr'>ab</span> <span class='ocrx_word' id='word_1_134' title='bbox 1533 1628 1633 1676; x_wconf 88' lang='lat' dir='ltr'>aliis</span> <span class='ocrx_word' id='word_1_135' title='bbox 1654 1645 1801 1693; x_wconf 91' lang='lat' dir='ltr'>usque</span> 
     </span>
     <span class='ocr_line' id='line_1_20' title="bbox 394 1702 806 1765; baseline 0.002 -16"><span class='ocrx_word' id='word_1_136' title='bbox 394 1702 450 1749; x_wconf 91' lang='lat' dir='ltr'>ad</span> <span class='ocrx_word' id='word_1_137' title='bbox 480 1702 806 1765; x_wconf 89' lang='lat' dir='ltr'>leprosoriam.</span> 
     </span>
    </p>

    <p class='ocr_par' dir='ltr' id='par_1_4' title="bbox 393 1780 1803 1980">
     <span class='ocr_line' id='line_1_21' title="bbox 458 1780 1803 1844; baseline 0.004 -19"><span class='ocrx_word' id='word_1_138' title='bbox 458 1782 560 1826; x_wconf 87' lang='lat' dir='ltr'>Dux</span> <span class='ocrx_word' id='word_1_139' title='bbox 593 1785 748 1827; x_wconf 89' lang='lat' dir='ltr'>autem</span> <span class='ocrx_word' id='word_1_140' title='bbox 779 1780 1046 1844; x_wconf 84' lang='lat' dir='ltr'>Burgundie</span> <span class='ocrx_word' id='word_1_141' title='bbox 1078 1781 1124 1828; x_wconf 95' lang='lat' dir='ltr'>in</span> <span class='ocrx_word' id='word_1_142' title='bbox 1157 1781 1244 1829; x_wconf 82' lang='lat' dir='ltr'>hiis</span> <span class='ocrx_word' id='word_1_143' title='bbox 1276 1799 1368 1829; x_wconf 91' lang='lat' dir='ltr'>non</span> <span class='ocrx_word' id='word_1_144' title='bbox 1404 1788 1474 1829; x_wconf 88' lang='lat' dir='ltr'>est</span> <span class='ocrx_word' id='word_1_145' title='bbox 1508 1789 1681 1839; x_wconf 89' lang='lat' dir='ltr'>motus,</span> <span class='ocrx_word' id='word_1_146' title='bbox 1718 1799 1803 1830; x_wconf 91' lang='lat' dir='ltr'>nec</span> 
     </span>
     <span class='ocr_line' id='line_1_22' title="bbox 394 1854 1802 1923; baseline 0.004 -22"><span class='ocrx_word' id='word_1_147' title='bbox 394 1854 606 1902; x_wconf 91' lang='lat' dir='ltr'>homines</span> <span class='ocrx_word' id='word_1_148' title='bbox 650 1871 907 1903; x_wconf 87' lang='lat' dir='ltr'>armorum.</span> <span class='ocrx_word' id='word_1_149' title='bbox 954 1856 1129 1905; x_wconf 86' lang='lat' dir='ltr'>Deinde</span> <span class='ocrx_word' id='word_1_150' title='bbox 1173 1857 1399 1923; x_wconf 86' lang='lat' dir='ltr'>Flamingi</span> <span class='ocrx_word' id='word_1_151' title='bbox 1443 1859 1802 1908; x_wconf 90' lang='lat' dir='ltr'>combusserunt</span> 
     </span>
     <span class='ocr_line' id='line_1_23' title="bbox 393 1932 585 1980; baseline 0 0"><span class='ocrx_word' id='word_1_152' title='bbox 393 1932 585 1980; x_wconf 84' lang='lat' dir='ltr'>Archas.</span> 
     </span>
    </p>

    <p class='ocr_par' dir='ltr' id='par_1_5' title="bbox 393 2009 1801 2364">
     <span class='ocr_line' id='line_1_24' title="bbox 458 2009 1801 2067; baseline 0.005 -11"><span class='ocrx_word' id='word_1_153' title='bbox 458 2009 634 2057; x_wconf 88' lang='lat' dir='ltr'>Eodem</span> <span class='ocrx_word' id='word_1_154' title='bbox 659 2010 750 2067; x_wconf 89' lang='lat' dir='ltr'>die,</span> <span class='ocrx_word' id='word_1_155' title='bbox 777 2027 934 2058; x_wconf 87' lang='lat' dir='ltr'>comes</span> <span class='ocrx_word' id='word_1_156' title='bbox 956 2011 1218 2060; x_wconf 87' lang='lat' dir='ltr'>Armaniaci</span> <span class='ocrx_word' id='word_1_157' title='bbox 1244 2030 1350 2060; x_wconf 90' lang='lat' dir='ltr'>cum</span> <span class='ocrx_word' id='word_1_158' title='bbox 1372 2015 1579 2062; x_wconf 86' lang='lat' dir='ltr'>exercitu</span> <span class='ocrx_word' id='word_1_159' title='bbox 1597 2015 1723 2062; x_wconf 84' lang='lat' dir='ltr'>venit</span> <span class='ocrx_word' id='word_1_160' title='bbox 1743 2015 1801 2063; x_wconf 86' lang='lat' dir='ltr'>ad</span> 
     </span>
     <span class='ocr_line' id='line_1_25' title="bbox 393 2087 1798 2155; baseline 0.005 -23"><span class='ocrx_word' id='word_1_161' title='bbox 393 2088 610 2133; x_wconf 81' lang='lat' dir='ltr'>Sanctum</span> <span class='ocrx_word' id='word_1_162' title='bbox 636 2087 981 2144; x_wconf 85' lang='lat' dir='ltr'>Audomarum;</span> <span class='ocrx_word' id='word_1_163' title='bbox 1006 2106 1089 2137; x_wconf 87' lang='lat' dir='ltr'>rex</span> <span class='ocrx_word' id='word_1_164' title='bbox 1111 2106 1224 2137; x_wconf 83' lang='lat' dir='ltr'>vero</span> <span class='ocrx_word' id='word_1_165' title='bbox 1245 2092 1453 2148; x_wconf 87' lang='lat' dir='ltr'>Francie,</span> <span class='ocrx_word' id='word_1_166' title='bbox 1477 2092 1555 2155; x_wconf 90' lang='lat' dir='ltr'>qui</span> <span class='ocrx_word' id='word_1_167' title='bbox 1580 2108 1687 2140; x_wconf 91' lang='lat' dir='ltr'>cum</span> <span class='ocrx_word' id='word_1_168' title='bbox 1714 2109 1798 2139; x_wconf 91' lang='lat' dir='ltr'>suo</span> 
     </span>
     <span class='ocr_line' id='line_1_26' title="bbox 394 2162 1798 2227; baseline 0.005 -19"><span class='ocrx_word' id='word_1_169' title='bbox 394 2162 602 2210; x_wconf 84' lang='lat' dir='ltr'>exercitu</span> <span class='ocrx_word' id='word_1_170' title='bbox 630 2171 940 2227; x_wconf 69' lang='lat' dir='ltr'>proposuerat</span> <span class='ocrx_word' id='word_1_171' title='bbox 965 2165 1033 2213; x_wconf 87' lang='lat' dir='ltr'>ire</span> <span class='ocrx_word' id='word_1_172' title='bbox 1059 2169 1335 2223; x_wconf 83' lang='lat' dir='ltr'>Tornacum,</span> <span class='ocrx_word' id='word_1_173' title='bbox 1365 2168 1512 2214; x_wconf 82' lang='lat' dir='ltr'>movit</span> <span class='ocrx_word' id='word_1_174' title='bbox 1539 2167 1798 2216; x_wconf 87' lang='lat' dir='ltr'>exercitum</span> 
     </span>
     <span class='ocr_line' id='line_1_27' title="bbox 395 2240 1797 2293; baseline 0.004 -7"><span class='ocrx_word' id='word_1_175' title='bbox 395 2255 531 2286; x_wconf 90' lang='lat' dir='ltr'>suum</span> <span class='ocrx_word' id='word_1_176' title='bbox 566 2240 623 2287; x_wconf 92' lang='lat' dir='ltr'>ad</span> <span class='ocrx_word' id='word_1_177' title='bbox 657 2242 856 2289; x_wconf 89' lang='lat' dir='ltr'>eundem</span> <span class='ocrx_word' id='word_1_178' title='bbox 887 2259 1051 2290; x_wconf 85' lang='lat' dir='ltr'>versus</span> <span class='ocrx_word' id='word_1_179' title='bbox 1082 2245 1299 2291; x_wconf 83' lang='lat' dir='ltr'>Sanctum</span> <span class='ocrx_word' id='word_1_180' title='bbox 1333 2244 1654 2292; x_wconf 90' lang='lat' dir='ltr'>Audomarum</span> <span class='ocrx_word' id='word_1_181' title='bbox 1692 2261 1797 2293; x_wconf 89' lang='lat' dir='ltr'>cum</span> 
     </span>
     <span class='ocr_line' id='line_1_28' title="bbox 393 2316 705 2364; baseline 0.003 -1"><span class='ocrx_word' id='word_1_182' title='bbox 393 2316 705 2364; x_wconf 87' lang='lat' dir='ltr'>festinatione.</span> 
     </span>
    </p>
   </div>
   <div class='ocr_carea' id='block_1_3' title="bbox 457 2394 1798 2461">
    <p class='ocr_par' dir='ltr' id='par_1_6' title="bbox 457 2394 1798 2461">
     <span class='ocr_line' id='line_1_29' title="bbox 457 2394 1798 2461; baseline 0.004 -20"><span class='ocrx_word' id='word_1_183' title='bbox 457 2394 679 2458; x_wconf 84' lang='lat' dir='ltr'>Flamingi</span> <span class='ocrx_word' id='word_1_184' title='bbox 693 2396 770 2457; x_wconf 90' lang='lat' dir='ltr'>qui</span> <span class='ocrx_word' id='word_1_185' title='bbox 787 2402 917 2443; x_wconf 88' lang='lat' dir='ltr'>erant</span> <span class='ocrx_word' id='word_1_186' title='bbox 934 2397 1069 2444; x_wconf 89' lang='lat' dir='ltr'>locati</span> <span class='ocrx_word' id='word_1_187' title='bbox 1089 2414 1231 2461; x_wconf 87' lang='lat' dir='ltr'>super</span> <span class='ocrx_word' id='word_1_188' title='bbox 1245 2398 1438 2457; x_wconf 87' lang='lat' dir='ltr'>Archas‚</span> <span class='ocrx_word' id='word_1_189' title='bbox 1457 2399 1625 2447; x_wconf 91' lang='lat' dir='ltr'>cotidie</span> <span class='ocrx_word' id='word_1_190' title='bbox 1642 2399 1798 2448; x_wconf 89' lang='lat' dir='ltr'>venie-</span> 
     </span>
    </p>
   </div>
   <div class='ocr_carea' id='block_1_4' title="bbox 393 2540 1797 2755">
    <p class='ocr_par' dir='ltr' id='par_1_7' title="bbox 393 2540 1797 2654">
     <span class='ocr_line' id='line_1_30' title="bbox 393 2540 1797 2596; baseline 0.006 -20"><span class='ocrx_word' id='word_1_191' title='bbox 393 2540 425 2577; x_wconf 93' lang='lat' dir='ltr'>le</span> <span class='ocrx_word' id='word_1_192' title='bbox 448 2543 607 2579; x_wconf 83' lang='lat' dir='ltr'>nombre</span> <span class='ocrx_word' id='word_1_193' title='bbox 628 2543 693 2579; x_wconf 85' lang='lat' dir='ltr'>des</span> <span class='ocrx_word' id='word_1_194' title='bbox 716 2552 846 2591; x_wconf 80' lang='lat' dir='ltr'>mortS,</span> <span class='ocrx_word' id='word_1_195' title='bbox 872 2547 1140 2593; x_wconf 80' lang='lat' dir='ltr'>reproduisent</span> <span class='ocrx_word' id='word_1_196' title='bbox 1161 2554 1422 2596; x_wconf 80' lang='lat' dir='ltr'>exactement,</span> <span class='ocrx_word' id='word_1_197' title='bbox 1445 2549 1466 2585; x_wconf 72' lang='lat' dir='ltr'>a</span> <span class='ocrx_word' id='word_1_198' title='bbox 1487 2555 1572 2596; x_wconf 85' lang='lat' dir='ltr'>part</span> <span class='ocrx_word' id='word_1_199' title='bbox 1587 2559 1630 2585; x_wconf 87' lang='lat' dir='ltr'>ce</span> <span class='ocrx_word' id='word_1_200' title='bbox 1647 2549 1797 2594; x_wconf 62' lang='lat' dir='ltr'>chime,</span> 
     </span>
     <span class='ocr_line' id='line_1_31' title="bbox 394 2601 1227 2654; baseline 0.008 -18"><span class='ocrx_word' id='word_1_201' title='bbox 394 2601 429 2635; x_wconf 78' lang='lat' dir='ltr'>la</span> <span class='ocrx_word' id='word_1_202' title='bbox 450 2602 575 2637; x_wconf 77' lang='lat' dir='ltr'>nieme</span> <span class='ocrx_word' id='word_1_203' title='bbox 598 2602 752 2638; x_wconf 70' lang='lat' dir='ltr'>version</span> <span class='ocrx_word' id='word_1_204' title='bbox 774 2615 846 2649; x_wconf 86' lang='lat' dir='ltr'>que</span> <span class='ocrx_word' id='word_1_205' title='bbox 868 2612 977 2641; x_wconf 83' lang='lat' dir='ltr'>notre</span> <span class='ocrx_word' id='word_1_206' title='bbox 1001 2607 1227 2654; x_wconf 86' lang='lat' dir='ltr'>chronique.</span> 
     </span>
    </p>

    <p class='ocr_par' dir='ltr' id='par_1_8' title="bbox 394 2659 1797 2755">
     <span class='ocr_line' id='line_1_32' title="bbox 441 2659 1797 2711; baseline 0.005 -16"><span class='ocrx_word' id='word_1_207' title='bbox 441 2662 473 2695; x_wconf 80' lang='lat'>1.</span> <span class='ocrx_word' id='word_1_208' title='bbox 498 2659 664 2708; x_wconf 82' lang='lat' dir='ltr'>Arques,</span> <span class='ocrx_word' id='word_1_209' title='bbox 688 2660 997 2711; x_wconf 75' lang='lat' dir='ltr'>Pas-de—Calais,</span> <span class='ocrx_word' id='word_1_210' title='bbox 1025 2665 1357 2702; x_wconf 80' lang='lat' dir='ltr'>arrondissemeut</span> <span class='ocrx_word' id='word_1_211' title='bbox 1379 2671 1416 2702; x_wconf 83' lang='lat' dir='ltr'>et</span> <span class='ocrx_word' id='word_1_212' title='bbox 1438 2671 1579 2702; x_wconf 82' lang='lat' dir='ltr'>canton</span> <span class='ocrx_word' id='word_1_213' title='bbox 1600 2665 1644 2701; x_wconf 88' lang='lat' dir='ltr'>de</span> <span class='ocrx_word' id='word_1_214' title='bbox 1667 2664 1797 2702; x_wconf 78' lang='lat' dir='ltr'>Saint—</span> 
     </span>
     <span class='ocr_line' id='line_1_33' title="bbox 394 2718 523 2755; baseline 0 0"><span class='ocrx_word' id='word_1_215' title='bbox 394 2718 523 2755; x_wconf 81' lang='lat' dir='ltr'>Onier.</span> 
     </span>
    </p>
   </div>
  </div>
 </body>
</html>
