1923 3358
342 263 386 299 4⁶2,
614 263 985 296 CHRONOGRAPHIA
1011 261 1165 292 REGUM
1190 259 1467 292 FRANGORUM.
1636 256 1739 304 [1337

342 345 539 401 marino,
568 343 757 391 domino
775 340 982 388 johanne
1007 339 1206 395 Kieret¹,
1230 338 1289 385 ad
1315 337 1625 386 insidiandum
1651 355 1743 402 qua

340 424 590 471 transirent
616 419 809 483 Anglici.

404 505 470 549 Ex
492 500 572 546 alia
602 503 751 560 parte,
776 512 859 543 rex
879 495 1040 560 Anglie
1060 494 1221 542 habuit
1241 493 1483 541 consilium
1502 493 1629 556 quod
1654 493 1743 541 nisi

339 576 530 624 haberet
551 573 813 636 Flamingos
834 573 918 619 sibi
940 571 1191 627 federatos,
1213 571 1336 618 bono
1359 569 1499 616 modo
1520 585 1610 615 non
1635 585 1745 632 pos-

339 658 408 699 set
433 666 602 697 nocere
628 649 778 696 eidem
803 649 901 713 regi
928 649 1135 695 Franeie.
1165 647 1274 695 Ideo
1295 647 1419 694 misit
1441 646 1499 694 ad
1525 646 1744 693 comitem

337 726 549 774 Flandrie
586 725 805 789 quatinus
840 725 978 772 iniret
1012 741 1117 772 cum
1153 741 1207 772 eo
1243 723 1393 771 fedus.
1431 725 1596 771 Comes
1631 739 1745 770 vero

337 802 627 851 remandavit
647 802 735 849 sibi
752 802 877 866 quod
896 818 1135 864 nunquam
1151 802 1239 849 hoe
1254 801 1442 857 faceret,
1464 817 1571 864 ymo
1589 800 1745 864 potius

338 898 442 929 eum
464 886 679 944 gravaret
699 886 799 927 toto
819 896 957 944 posse
979 896 1080 935 suo,
1100 895 1373 942 omnesque,
1399 894 1505 925 curn
1526 894 1600 934 eo,
1621 876 1746 941 regis

337 958 525 1005 Francie
555 957 782 1005 inimicos.
813 960 877 1004 De
909 973 1003 1019 quo
1036 973 1120 1002 rex
1154 956 1314 1019 Angiie
1348 955 1546 1002 multum
1578 954 1740 1009 iratus,

334 1034 470 1098 jussit
490 1033 702 1097 passagia
722 1033 863 1079 maris
884 1048 1048 1079 versus
1070 1031 1332 1078 Flandriam
1354 1030 1528 1077 firmari
1555 1046 1607 1077 ac
1627 1029 1746 1077 inhi-

337 1111 437 1159 buit
463 1127 520 1158 ne
546 1110 878 1157 marehimonie
899 1109 1182 1156 ducerentur
1202 1109 1247 1155 in
1274 1107 1594 1163 Flandriam23
1623 1106 1746 1154 unde

338 1188 559 1252 Flamingi
586 1187 784 1235 multum
811 1185 1055 1249 stupefacti
1080 1192 1187 1232 sunt
1215 1185 1441 1247 multique
1461 1200 1519 1232 ex
1539 1184 1606 1231 eis
1631 1201 1748 1247 pau-

339 1281 475 1329 peres
507 1264 654 1311 effecti
688 1269 812 1310 sunt.
843 1267 908 1310 Eo
936 1278 1136 1325 namque
1162 1267 1377 1325 tempore
1403 1261 1615 1309 victualia
1641 1277 1748 1308 cara

339 1343 527 1389 fuerunt
552 1340 703 1396 valde,
736 1357 871 1387 causa
899 1339 1183 1402 supradicta.

403 1417 760 1479 Morabaturque
795 1415 841 1462 in
874 1414 1094 1462 Gandavo
1131 1414 1321 1478 quidam
1359 1413 1490 1462 miles
1523 1413 1743 1471 Soherus‚

338 1494 525 1542 nomine
563 1493 675 1540 alias
718 1493 1106 1541 Courtrz'sz‘anusss.
1149 1492 1231 1538 Hic
1265 1498 1480 1539 acusatus
1518 1498 1588 1539 est
1621 1492 1747 1556 apud

338 1573 557 1620 comitem
588 1571 778 1619 erimine
815 1570 1093 1633 proditionis
1126 1569 1252 1633 quod
1289 1570 1478 1626 scilicet,
1515 1586 1602 1633 pro
1637 1586 1747 1634 rege

339 1650 519 1714 Anglie,
551 1648 769 1711 privatim
804 1647 985 1694 locutus
1017 1647 1165 1694 fuerat
1192 1646 1590 1700 Gandavensffius,
1619 1646 1748 1710 ipsos

339 1725 593 1773 atrahendo
618 1725 677 1771 ad
704 1724 1092 1772 conformandum
1118 1740 1200 1771 sue
1223 1724 1466 1781 voluntati,
1497 1723 1657 1771 dicens
1682 1723 1749 1771 eis

341 1802 466 1866 quod
487 1802 592 1849 villa
612 1818 775 1849 eorum
796 1801 1117 1849 destrueretur
1144 1801 1190 1848 in
1216 1801 1366 1857 brevi,
1392 1801 1477 1848 nisi
1498 1801 1585 1848 alio
1606 1801 1748 1848 modo

341 1879 666 1943 providerent;
690 1879 880 1942 insuper
900 1879 1027 1941 quod
1054 1895 1137 1925 rex
1165 1878 1327 1942 Anglie
1354 1877 1412 1924 de
1429 1877 1535 1942 jure
1557 1877 1750 1925 deberet

342 1973 442 2004 esse
461 1973 546 2003 rex
566 1956 773 2012 Francie,
797 1972 938 2019 quem
963 1955 1042 2018 qui
1059 1956 1243 2019 juvaret
1267 1955 1326 2002 ad
1347 1955 1524 2003 dietum
1549 1971 1747 2019 regnum

342 2033 694 2096 acquirendum,
719 2049 935 2097 magnam
955 2032 1255 2079 elemosinam
1277 2032 1447 2079 faceret
1470 2050 1478 2078 ε
1502 2031 1628 2094 quod
1646 2031 1749 2095 qui-

343 2110 450 2157 dem
485 2109 600 2157 dixit
638 2116 689 2157 ut
726 2109 865 2156 sciret
896 2108 1200 2156 intentionem
1237 2125 1401 2156 eorum
1439 2125 1550 2173 erga
1587 2124 1748 2173 regem

342 2186 517 2250 Anglie.
566 2189 646 2242 Et,
694 2192 744 2233 ut
788 2184 1102 2241 referebatur,
1156 2185 1257 2248 ipse
1300 2184 1604 2233 mandaverat
1647 2184 1747 2248 regi

343 2262 505 2327 Anglie
530 2262 657 2325 quod
684 2263 721 2309 si
748 2262 865 2309 bene
890 2262 1045 2319 vellet,
1076 2261 1202 2325 quod
1228 2262 1491 2326 Flamingos
1517 2261 1605 2309 sibi
1637 2277 1748 2308 con-

393 2393 425 2428 1.
448 2391 549 2427 C'est
570 2391 655 2427 Hue
683 2392 825 2435 Queret
849 2392 939 2440 qu'il
967 2392 1047 2428 faut
1074 2391 1142 2428 lire
1173 2391 1281 2438 (Voir
1300 2391 1343 2427 P.
1368 2391 1570 2436 Anselme,
1592 2391 1748 2426 Histoire

341 2453 597 2497 qe'mialoqique
617 2455 648 2486 et
669 2452 947 2497 chronoloyique
968 2453 1009 2487 de
1033 2454 1070 2488 la
1085 2453 1230 2487 maison
1245 2453 1370 2497 royale
1385 2452 1426 2486 de
1441 2452 1589 2494 France,
1607 2455 1635 2485 t.
1654 2448 1745 2496 VII,

373 2539 380 2546 .
404 2510 470 2546 744
491 2515 528 2545 et
549 2509 615 2544 745
635 2536 642 2543 .

345 2522 368 2558 p
391 2568 425 2605 2.
449 2568 502 2604 Le
529 2568 548 2603 5
574 2511 726 2603 ociobre
756 2567 859 2613 1336,
893 2559 1072 2604 Edouard
1098 2567 1156 2603 ΙΙΙ
1185 2566 1354 2603 de'sendit
1383 2566 1651 2613 l'exportation
1681 2565 1746 2603 des

346 2628 482 2664 laines.

395 2687 428 2723 3.
452 2686 589 2723 Soliier
609 2685 653 2721 de
675 2684 862 2721 Courtrai.
888 2686 982 2722 Voir
1004 2698 1047 2723 ee
1068 2697 1140 2734 que
1162 2686 1216 2723 dit
1238 2686 1428 2723 Froissart
1450 2685 1519 2733 (ed.
1537 2685 1655 2729 Luce,
1669 2690 1695 2721 t.
1713 2685 1743 2730 I,

350 2756 385 2790 p.
412 2744 491 2790 129,
515 2744 594 2789 130,
617 2743 683 2779 396
705 2748 741 2779 et
763 2742 842 2786 397)
864 2742 909 2778 de
931 2754 973 2779 ce
995 2754 1250 2790 personnage.
