1923 3358
386 261 451 296 ‘370
657 259 1029 292 CHRONOGRAPHIA
1057 259 1209 290 REGUM
1235 258 1514 290 FRANCORUM.
1679 255 1784 301 [1358

383 344 441 389 tis
465 339 744 404 quibusdam
773 337 995 385 militibus
1026 337 1263 393 fidelibus,
1303 344 1587 400 conquestus
1616 345 1688 386 est
1719 340 1785 386 eis

383 419 440 465 de
465 416 704 465 excessiva
729 414 1001 463 crudelitate
1036 431 1127 478 qua
1164 414 1446 462 parisienses
1477 415 1710 463 sevierant
1739 417 1785 463 in

380 511 487 543 eum
507 500 554 541 et
572 493 745 540 amicos
771 508 899 549 suos,
921 498 971 539 ut
988 491 1163 539 dictum
1186 497 1275 538 est.
1300 492 1338 537 A
1359 491 1528 554 quibus
1547 492 1785 541 consultus

379 577 447 617 est
488 569 712 617 mandare
746 569 923 617 cunctis
955 568 1179 616 militibus
1212 568 1403 616 Francie
1447 574 1493 616 et
1535 568 1786 617 Belvacesii

379 647 596 710 quatinus
635 647 929 711 provisiones
973 646 1019 693 in
1059 646 1154 694 suis
1197 645 1433 693 fortaliciis
1477 646 1683 694 facerent
1725 646 1784 695 ad

378 724 647 787 ponendum
663 724 876 771 homines
904 739 1145 771 armorum
1165 723 1245 786 qui
1263 722 1456 770 sollicite
1478 722 1785 771 observarent

377 818 434 848 ne
459 801 671 848 victualia
699 817 779 848 seu
809 800 1111 848 mercimonie
1138 800 1420 848 ducerentur
1445 800 1663 849 Parisius.
1688 804 1785 848 Hoc

376 877 501 925 enim
520 877 792 926 mandatum
815 877 988 924 factum
1014 883 1085 925 est
1110 894 1169 925 ex
1195 883 1327 942 parte
1348 877 1555 941 regentis
1573 877 1785 940 pluribus

376 954 617 1002 militibus.

440 1038 617 1086 Idcirco
635 1037 802 1085 milites
822 1037 902 1101 qui
920 1037 1105 1085 castella
1123 1036 1373 1092 habebant,
1391 1036 1661 1101 congregati
1678 1042 1786 1084 sunt

377 1116 512 1163 simul
543 1115 600 1162 ad
627 1114 883 1162 videndum
908 1114 1147 1177 quomodo
1173 1113 1485 1176 adimplerent
1512 1113 1785 1161 mandatum

376 1192 597 1256 regentis,
629 1209 684 1239 eo
718 1191 847 1254 quod
876 1191 1034 1254 plures
1063 1207 1121 1238 ex
1147 1190 1214 1238 eis
1241 1207 1332 1238 non
1367 1190 1600 1238 habebant
1628 1191 1787 1254 provi-

377 1269 530 1316 siones
557 1285 644 1331 pro
672 1267 1006 1315 munitionibus
1033 1267 1156 1323 suis;
1188 1283 1387 1329 cumque
1413 1266 1638 1314 haberent
1665 1266 1786 1314 inter

375 1361 425 1391 se
451 1344 694 1391 consilium
714 1343 841 1406 quod
869 1344 948 1406 qui
971 1343 1266 1407 provisiones
1292 1359 1385 1390 non
1411 1342 1646 1390 habebant
1671 1359 1784 1406 pro-

374 1420 587 1468 viderent
607 1421 695 1467 sibi
718 1437 860 1484 super
879 1420 1093 1468 homines
1113 1437 1240 1475 suos,
1271 1420 1430 1484 plures
1454 1436 1514 1467 ex
1533 1419 1620 1467 illis
1646 1419 1783 1467 nimis

374 1498 612 1545 excessive
626 1503 905 1561 acceperunt
921 1497 979 1544 de
999 1497 1135 1544 bonis
1151 1498 1393 1545 hominum
1405 1513 1618 1545 suorum.
1639 1496 1783 1561 Hujus

374 1592 511 1622 causa
557 1575 705 1622 incole
748 1574 997 1622 Belvacesii
1046 1574 1181 1622 simul
1237 1574 1507 1629 commoti1,
1557 1580 1783 1638 ceperunt

373 1653 553 1700 irruere
574 1653 620 1699 in
641 1652 809 1699 milites
829 1658 874 1699 et
895 1651 1112 1700 dominos
1135 1669 1271 1709 suos3
1292 1668 1401 1699 nam
1418 1651 1577 1714 plures
1603 1651 1782 1699 nobiles

374 1735 419 1777 et
438 1745 612 1777 uxores
632 1745 796 1776 eorum
814 1745 920 1776 cum
941 1729 1101 1793 pueris
1121 1729 1409 1786 occiderunt,
1434 1728 1717 1776 munitiones
1736 1735 1783 1775 et

374 1806 542 1853 domus
568 1821 732 1853 eorum
758 1805 1072 1852 destruentes.

437 1889 706 1952 Prepositus
736 1905 937 1951 namque
966 1894 1300 1943 mercatorum,
1331 1887 1487 1935 audita
1514 1887 1781 1952 hujusmodi

371 1965 654 2012 rusticorum
679 1964 1009 2021 commotione,
1037 1964 1144 2011 fecit
1170 1963 1298 2010 exire
1322 1963 1635 2010 communiam
1656 1964 1782 2011 Pari-

371 2041 572 2088 siensem
596 2058 650 2089 ac
670 2041 883 2089 abierunt
902 2047 949 2088 et
968 2046 1322 2104 prostraverunt
1343 2039 1390 2086 in
1407 2046 1583 2087 terram
1600 2046 1779 2087 turrem

372 2118 431 2165 de
460 2120 735 2182 Gournayo2
754 2125 800 2166 et
825 2118 1102 2166 fortalicium
1125 2117 1182 2165 de
1203 2117 1455 2175 Plaisello3,
1482 2117 1542 2165 de
1558 2118 1776 2182 Traspa⁴‚

419 2285 451 2320 1.
475 2284 529 2320 La
546 2285 753 2332 Jacquerie
772 2285 1047 2333 commencale
1069 2284 1110 2321 ε21
1134 2285 1212 2322 mai
1230 2285 1318 2322 1358
1342 2284 1563 2331 (Froissart,
1579 2284 1638 2322 ed.
1656 2285 1776 2332 Luce,

370 2349 397 2379 t.
421 2343 469 2388 V,
492 2354 527 2390 p.
551 2356 680 2390 xxvm,
703 2351 793 2381 note
816 2345 864 2390 4).

418 2408 451 2443 ⁵3.
475 2407 675 2455 Gonni-ay,
707 2409 838 2455 Seine,
866 2408 1196 2446 arrondissemeut
1226 2408 1271 2445 de
1299 2408 1466 2454 Sceaux,
1495 2420 1702 2446 commune
1732 2408 1777 2445 de

372 2466 558 2514 Vinejuif.

418 2532 450 2567 3.
478 2531 693 2575 Palaiseam
712 2532 1016 2574 Seine-et-Oise,
1033 2532 1362 2569 arrondissement
1376 2533 1421 2569 de
1434 2533 1661 2579 Versailles,
1677 2532 1776 2569 chef-

371 2590 446 2627 lieu
467 2591 512 2626 de
535 2596 690 2628 canton.

417 2656 451 2692 4.
473 2655 658 2702 Trappes,
680 2655 985 2703 Seine-et-Oise‚
1013 2657 1346 2695 arrondissement
1371 2663 1410 2695 et
1436 2663 1580 2695 canton
1607 2655 1652 2692 de
1675 2654 1773 2690 Ver-

373 2714 516 2750 sailles.
