1923 3358
405 286 469 323 ‘194
682 286 1051 319 CHRONOGRAPHIA
1078 285 1230 317 REGUM
1255 285 1533 319 FRANCORUM.
1699 284 1799 330 [1341

464 369 628 415 Comes
661 365 814 426 itaque
845 362 1148 410 Montisfortis
1173 362 1339 409 videns
1367 363 1624 411 exercitum
1654 365 1805 412 mino-

398 445 508 498 rari,
538 442 648 489 exiit
674 446 834 487 contra
866 440 1032 488 ducem
1063 458 1072 486 :
1103 439 1184 486 sed
1212 440 1362 487 victus
1388 445 1459 487 est
1485 440 1543 487 ab
1569 457 1624 488 eo
1649 442 1804 490 multi-

396 537 486 583 que
512 518 634 582 capti
655 518 857 575 fuerunt,
883 523 928 564 et
949 533 1106 565 comes
1125 533 1369 581 regressus
1390 523 1462 565 est
1481 517 1526 564 in
1547 517 1800 566 civitatem.

395 598 487 643 Nec
506 595 703 643 multum
724 600 850 658 post,
873 594 1070 642 durante
1091 594 1213 641 dicta
1234 593 1496 650 obsidione,
1519 594 1672 642 dictus
1696 597 1806 643 Fer-

394 672 569 720 randus
603 671 662 719 de
696 671 820 722 Vallc
859 671 1068 720 Garnerii
1104 670 1343 718 mandavit
1380 670 1486 718 duci
1523 671 1805 720 Normannie

394 747 566 795 bellum
590 747 900 795 ducentorum
926 747 1168 794 Britonum
1188 752 1349 794 contra
1369 746 1568 794 totidem
1587 746 1801 795 Gallicos.

394 826 494 880 Quo
520 841 760 881 concesso,
790 830 840 872 ut
866 824 1026 872 dicunt
1050 824 1259 888 quidam,
1290 823 1387 871 dux
1412 824 1695 871 Normannie
1720 824 1807 871 fuit

393 901 452 948 de
487 901 699 949 ducentis
734 901 944 958 Francis,
981 918 1065 949 rex
1099 904 1330 959 Navarre,
1364 900 1461 948 dux
1488 901 1803 966 Lotharingie,

394 977 491 1026 dux
510 979 813 1036 Athenarum,
840 978 1123 1026 camerarius
1148 977 1206 1025 de
1226 977 1602 1035 Tancardivilla¹‚
1627 978 1805 1027 Rober-

393 1061 469 1103 tus
502 1056 770 1113 Bertrandi,
809 1055 1065 1119 Sauvagius
1099 1054 1157 1102 de
1190 1055 1421 1102 Anthenio
1457 1061 1503 1103 et
1538 1055 1697 1120 plures
1732 1055 1806 1102 alii

394 1149 541 1196 usque
568 1133 626 1180 ad
653 1149 900 1180 numerum
928 1132 1239 1179 ducentorum
1265 1132 1482 1179 militum.

459 1210 566 1257 Sive
585 1214 740 1257 tamen
761 1210 858 1257 dux
877 1209 1160 1257 Normannie
1181 1208 1320 1257 fuerit
1339 1225 1446 1257 cum
1466 1208 1549 1265 eis,
1574 1208 1672 1256 sive
1691 1225 1803 1263 non,

393 1287 606 1334 Britones
643 1293 799 1334 tamen
837 1303 1003 1334 omnes
1040 1286 1180 1334 occisi
1216 1292 1346 1343 sunt,
1389 1291 1548 1350 preter
1585 1286 1805 1351 tringinta

394 1363 474 1427 qui
497 1363 619 1427 capti
643 1363 830 1411 fuerunt
856 1363 951 1410 vivi
983 1382 992 1411 ε
1023 1369 1211 1428 captum
1244 1369 1316 1411 est
1347 1368 1503 1411 autem
1529 1369 1734 1411 castrum
1761 1370 1808 1410 et

394 1441 554 1489 datum
581 1441 810 1506 Sauvagio
836 1440 894 1488 de
921 1441 1199 1499 Anthemio,
1224 1441 1332 1504 quia
1358 1440 1478 1489 bene
1504 1457 1554 1489 se
1579 1440 1807 1489 habuerat

394 1518 441 1565 in
475 1518 643 1566 bello2.
678 1518 974 1581 Rediensque
1007 1518 1105 1566 dux
1139 1517 1198 1565 ad
1232 1517 1528 1565 obsidionem
1564 1518 1802 1575 Nannetis,

389 1594 528 1659 jussit
553 1595 702 1643 dictos
720 1595 943 1659 tringinta
965 1594 1184 1642 decollari
1204 1599 1250 1641 et
1270 1610 1434 1642 eorum
1457 1593 1609 1658 capita
1628 1593 1807 1658 projeci

394 1673 440 1719 in
468 1673 700 1720 civitatem
733 1689 820 1736 per
849 1672 1052 1737 ingenia,
1088 1672 1258 1736 quibus
1291 1672 1453 1720 civitas
1487 1672 1632 1720 multa
1664 1688 1807 1720 nocu-

395 1755 551 1796 menta
576 1749 755 1797 habuit.

458 1824 632 1872 Deinde
657 1841 815 1872 comes
843 1824 1145 1872 Montisfortis
1170 1841 1256 1888 per
1282 1824 1536 1888 quemdam
1563 1824 1807 1887 requisivit

394 1900 500 1948 duci
532 1907 581 1949 ut
613 1918 771 1949 secum
804 1901 1087 1964 colloquium
1118 1901 1312 1949 haberet
1343 1920 1352 1948 :
1384 1902 1510 1966 quod
1543 1902 1584 1949 ei
1617 1918 1806 1949 conces-

394 2072 491 2109 nier.
523 2072 621 2109 Mais
650 2073 677 2109 il
704 2079 764 2110 est
794 2074 937 2121 permis
963 2073 1009 2110 de
1043 2073 1266 2111 consideret·
1299 2085 1450 2110 comme
1479 2073 1717 2111 fantaisistes
1749 2074 1804 2111 les

395 2132 549 2169 chiffres
571 2132 616 2169 de
636 2133 673 2169 la
694 2134 904 2179 Chronz'que
924 2135 1143 2178 normannie,
1163 2133 1227 2181 qui
1254 2133 1309 2169 dit
1328 2144 1402 2180 que
1422 2133 1670 2180 l’expe'dition
1697 2144 1803 2170 com-

394 2191 544 2237 prenait,
576 2192 684 2238 6,000
716 2193 893 2229 hommes
925 2198 964 2229 et
993 2204 1067 2240 que
1097 2193 1132 2229 le
1162 2203 1319 2230 secours
1350 2193 1487 2229 amene
1516 2204 1584 2240 par
1612 2193 1647 2229 le
1676 2193 1733 2229 roi
1759 2193 1804 2229 de

394 2249 566 2285 Navarra
605 2252 789 2298 comptait
828 2252 958 2299 112‚000
1000 2252 1177 2288 hommes
1215 2251 1284 2295 (cf.
1326 2254 1438 2288 Istore
1468 2255 1500 2288 et
1531 2254 1724 2297 croniques
1762 2253 1803 2287 clo

394 2308 580 2351 Mandros,
605 2315 632 2346 t.
655 2310 707 2356 ΙΙ,
730 2322 765 2357 p.
789 2312 840 2353 4).

444 2367 476 2401 1.
501 2367 550 2402 Ce
572 2379 663 2404 nom
685 2376 743 2406 est
766 2371 874 2406 sante
895 2382 964 2417 par
985 2370 1022 2406 la
1043 2370 1250 2416 Ght'onz'que
1278 2372 1504 2413 normande;
1526 2370 1582 2407 les
1602 2372 1803 2407 Anciennes

395 2426 610 2470 chronsques
630 2430 670 2462 (la
690 2431 848 2464 Flandre
869 2440 917 2465 ne
940 2430 974 2465 le
995 2429 1168 2466 donnent
1190 2441 1263 2476 que
1284 2429 1380 2466 dans
1402 2441 1455 2465 un
1477 2429 1705 2466 manuscrit.

442 2484 475 2520 2.
499 2483 559 2520 On
580 2496 628 2520 ne
650 2486 858 2534 s'explique
884 2500 952 2535 pas
978 2500 1052 2535 que
1079 2499 1122 2525 ce
1153 2489 1348 2525 chevalier
1375 2488 1428 2524 ait
1456 2500 1506 2535 pu
1532 2488 1694 2535 prendre
1716 2495 1799 2534 part

395 2554 443 2579 au
465 2543 617 2579 combat
637 2544 815 2591 puisqu'il
836 2547 938 2583 avait
968 2548 1027 2583 ete
1056 2547 1123 2583 fait
1150 2547 1368 2594 prisonuier
1387 2547 1410 2582 ὲ,
1431 2547 1612 2594 l’attaque
1634 2546 1682 2582 du
1705 2546 1800 2582 cha-

395 2606 483 2638 teau
510 2601 555 2638 de
583 2601 813 2648 Valgarmer
838 2612 877 2641 et
902 2605 994 2652 qu‘il
1021 2605 1121 2641 n‘est
1148 2617 1216 2652 pas
1243 2605 1297 2642 dit
1329 2605 1421 2652 qu'il
1453 2607 1518 2642 eut
1549 2606 1733 2642 recouvre-
1761 2615 1802 2640 sa

396 2661 544 2697 liberto..
567 2660 700 2707 Aussi,
723 2667 853 2698 a-t-on
873 2664 962 2711 juge
989 2664 1012 2700 a,
1039 2675 1192 2711 propos,
1214 2664 1312 2700 mais
1332 2664 1428 2700 dans
1455 2676 1507 2700 un
1537 2663 1619 2700 seul
1640 2673 1800 2698 manus—

396 2720 468 2756 crit
483 2720 528 2756 ‹le
545 2719 581 2754 la
598 2720 803 2765 Chroniquc
818 2724 1019 2758 normande
1037 2728 1089 2769 (p.
1107 2723 1164 2768 5⁶3,
1183 2729 1271 2759 note
1287 2723 1337 2768 2),
1355 2722 1541 2769 d'ajouter
1554 2720 1645 2768 qu'il
1664 2734 1680 2753 (ι
1695 2721 1799 2757 avoit

399 2792 413 2812 (ι
438 2780 518 2815 estc
537 2778 704 2815 delivrez
725 2779 790 2815 des
812 2780 979 2816 Bretouz
995 2792 1063 2827 par
1079 2788 1247 2819 convent
1268 2781 1313 2818 de
1334 2781 1370 2817 la
1390 2780 1545 2817 bataille
1564 2778 1760 2816 accorder.
1779 2794 1794 2812 »
