1923 3358
147 277 366 323 1376-1378]
419 281 789 315 GHRONOGRAPHIA
814 284 967 316 REGUM
992 283 1270 315 FRANCORUM.
1478 279 1543 315 363

144 360 232 424 gis,
262 368 556 409 recesserunt
581 362 743 409 Franci
780 362 982 409 Parisius
1010 362 1067 409 ad
1101 361 1351 409 Karolum1
1381 366 1426 409 et
1453 363 1546 409 An-

143 438 248 502 glici
274 438 560 485 Londoniam
584 438 642 485 ad
668 439 987 487 Edowardum
1014 444 1298 486 remearunt.

207 516 341 561 Anno
374 520 640 578 prenotato,
671 519 793 579 Papa
820 516 1070 580 Gregorius
1097 516 1155 564 de
1181 515 1408 563 Avinione
1439 531 1546 563 cum

141 591 266 638 curia
288 607 371 638 sua
387 591 628 648 recedens,
647 595 843 640 Romam
864 592 1009 649 vadit,
1033 591 1236 639 dimissis
1255 592 1301 639 in
1320 591 1545 639 Avinione

140 667 199 714 ad
224 667 482 714 custodiam
509 667 578 714 sui
605 668 768 731 palacii
793 668 867 715 vel
893 667 993 716 aliis
1017 668 1156 716 certis
1183 685 1240 715 ex
1267 669 1416 716 causis
1444 667 1546 732 qui-

140 743 341 792 busdam
361 743 719 791 cardinalibus2.

204 822 336 868 Anno
377 837 565 884 quoque
603 839 629 868 a
669 821 918 869 Nativitate
949 821 1131 869 Domini
1168 822 1220 870 M⁰
1239 822 1345 872 CGC⁰
1368 823 1546 872 LXXV11⁰

137 897 413 945 vicesimum
439 904 658 961 quartum
693 899 860 946 scisma
886 899 970 946 fuit
996 905 1041 947 et
1067 899 1189 963 cepit
1215 900 1341 963 quod
1373 900 1540 956 adhuc,

136 974 326 1022 domino
352 975 673 1038 permittente,
699 976 853 1023 durat.
878 977 1010 1024 Unde
1036 977 1265 1024 existente
1284 979 1406 1041 Papa
1433 979 1544 1025 Gre-

135 1052 268 1116 gorio
298 1052 365 1100 ΧΙο
400 1052 444 1099 in
480 1056 627 1100 Roma
660 1054 757 1116 qui,
788 1061 839 1101 ut
870 1053 1047 1102 dictum
1079 1059 1151 1101 est
1179 1071 1339 1117 supra,
1369 1053 1543 1101 ibidem

134 1146 241 1177 cum
268 1146 351 1177 sua
377 1130 504 1177 curia
530 1137 576 1177 et
602 1130 932 1187 cardinalibus,
966 1131 1125 1195 paucis
1155 1137 1291 1178 antea
1320 1132 1543 1194 tempori-

134 1206 239 1262 bus,
271 1213 465 1254 venerat
485 1207 544 1254 de
570 1207 814 1264 Avinione,
839 1209 1048 1272 exceptis
1069 1208 1380 1256 cardinalibus
1406 1208 1543 1256 Alba-

133 1283 281 1340 nensi‚
324 1284 643 1340 Nemausensi,
683 1285 949 1343 Morinensi,
989 1285 1263 1342 Mimatensi,
1309 1285 1540 1348 Pampilo-

133 1359 264 1406 nensi
300 1365 346 1407 et
383 1361 533 1408 Sancti
569 1361 792 1408 Marcialis
825 1362 904 1425 qui
935 1368 1043 1425 post
1079 1378 1318 1409 recessum
1349 1361 1448 1425 ejus
1482 1361 1541 1408 de

132 1436 361 1484 Avinione
387 1444 712 1486 remanserunt
737 1439 913 1486 ibidem
939 1439 1009 1486 sui
1035 1439 1240 1487 licencia.

197 1516 305 1576 Ipso
340 1513 403 1560 ibi
441 1515 515 1562 die
549 1515 729 1563 sabbati
765 1516 929 1580 xxviij³
961 1516 1146 1573 marcii,
1188 1532 1279 1579 que
1314 1515 1413 1562 dies
1455 1515 1539 1562 fuit

129 1588 285 1653 vigilia
314 1589 372 1637 de
404 1609 424 1634 «
455 1594 617 1638 Letare
643 1591 951 1648 Jherusalem,
986 1610 1006 1635 1>
1039 1592 1116 1638 illo
1146 1607 1267 1638 anno
1299 1591 1535 1646 defuncto,

129 1672 176 1713 et
221 1666 532 1715 cardinalibus
582 1667 862 1715 intrantibus
911 1668 1132 1715 conclave
1177 1685 1265 1731 pro
1316 1668 1539 1715 electione

130 1743 308 1790 Summi
333 1744 568 1792 Pontificis
594 1744 821 1801 facienda,
854 1745 1050 1793 Romani
1076 1750 1352 1808 appetentes
1375 1744 1438 1792 ibi
1460 1761 1539 1792 cu-

128 1821 245 1868 riam
261 1837 521 1876 remanere,
539 1839 630 1885 qua
641 1822 825 1870 fuerant
844 1823 977 1870 annis
998 1823 1094 1870 fere
1111 1838 1207 1871 Lxx
1221 1822 1410 1886 privati,
1426 1839 1538 1870 con-

128 1897 231 1945 silio
257 1899 371 1946 inito
403 1899 782 1947 deliberaverunt
813 1900 943 1962 quod
971 1899 1028 1947 de
1049 1900 1155 1964 jure
1182 1900 1256 1947 vel
1283 1899 1340 1946 de
1372 1899 1538 1962 injuria

127 1977 300 2038 Papam
320 1991 568 2023 romanum
580 1976 649 2023 vel
674 1976 894 2040 ytalicum
912 1976 1065 2023 saltim
1085 1976 1357 2023 haberent3.
1375 1978 1536 2038 Itaque

127 2067 233 2098 cum
277 2051 573 2099 multitudine
614 2058 659 2099 et
704 2069 874 2116 magno
918 2052 1119 2099 tumultu
1163 2052 1381 2099 conclave
1425 2068 1536 2115 sepe

173 2208 204 2243 1.
230 2207 283 2243 Le
303 2207 376 2244 duc
397 2207 442 2244 de
464 2207 696 2256 Bourgogne
717 2213 849 2244 rentra
869 2208 890 2244 a
911 2208 1021 2244 Paris
1043 2208 1076 2244 le
1098 2208 1118 2245 9
1142 2207 1239 2244 avril
1261 2208 1352 2244 1376
1381 2218 1428 2244 au
1457 2208 1534 2244 soir

127 2265 184 2310 (E.
210 2266 325 2312 Petit,
347 2278 402 2312 op.
426 2270 504 2310 cit„
528 2279 564 2314 p.
590 2268 684 2312 125).

169 2324 206 2361 2.
229 2325 415 2373 Gregoire
439 2326 497 2362 XI
516 2326 631 2373 partit
652 2325 873 2374 d’Avignon
895 2328 930 2364 le
952 2327 994 2363 13
1017 2326 1233 2374 septembre
1255 2326 1358 2363 1376.

172 2382 205 2418 3.
228 2383 413 2430 Gregoire
429 2384 488 2419 XI
509 2390 665 2420 mourut
686 2385 720 2420 le
742 2385 784 2421 27
800 2396 904 2421 mars
926 2385 1028 2422 1378.
1049 2385 1124 2421 Sur
1145 2384 1320 2432 l'origine
1340 2383 1390 2420 du
1412 2383 1533 2431 grand

124 2441 306 2487 schisme,
324 2442 362 2488 J'e
383 2444 580 2479 renverrai
601 2444 623 2479 a
643 2444 805 2480 l’article
826 2444 871 2481 de
892 2445 940 2480 M.
962 2445 1009 2481 N.
1027 2444 1161 2480 Valois
1185 2460 1191 2479 ι
1217 2436 1404 2481 l'Electz'on
1425 2445 1532 2479 d'IJr-

123 2501 211 2535 bain
231 2501 275 2536 VI
292 2505 323 2536 et
349 2504 396 2537 les
422 2505 581 2547 orz'qines
609 2505 660 2538 clu
685 2505 807 2548 yrcmd
832 2505 984 2539 schisma
1009 2504 1214 2541 d’Occident
1241 2504 1393 2549 (em-ait
1421 2502 1465 2538 de
1496 2502 1532 2538 la

122 2560 235 2594 Itevue
263 2560 322 2595 des
353 2561 538 2603 Questz‘ons
569 2563 801 2606 historiques,
829 2563 984 2599 octobre
1012 2563 1130 2608 1890).
1157 2562 1218 2599 On
1245 2568 1425 2599 trouvera
1455 2572 1530 2598 une

123 2617 286 2653 relation
307 2618 352 2655 de
373 2619 565 2656 l'eleetion
585 2620 681 2655 dans
710 2621 743 2656 le
769 2621 933 2657 Journal
960 2621 1004 2658 de
1017 2621 1219 2658 >Bertrand
1241 2622 1394 2657 Boisset
1417 2620 1528 2665 (Bibl.

121 2681 218 2721 nat„
242 2675 351 2712 fonds
371 2677 493 2725 franc.
518 2678 620 2723 5728,
644 2678 707 2714 fol.
731 2678 774 2715 12
794 2686 829 2714 r⁰
848 2679 871 2715 a
894 2680 936 2716 15
956 2687 1005 2726 r0,
1026 2686 1064 2718 et
1086 2683 1116 2717 le
1135 2682 1264 2724 Musae,
1290 2691 1408 2718 revue
1429 2680 1530 2716 arle-

123 2734 272 2782 sienne,
295 2737 419 2772 annee
442 2737 561 2781 1876).
